EntryID,BillID,Date,Task  by Staff,Material,Sales,Status,Net Profit,Net Cost,Customer No,Payment Mode,Due Bill,Advance
1,1.411,"Monday, January 1, 2024",Staff_5,Silicon,1799,Running Bill,395,1404,37,Cash,,
2,1.412,"Monday, January 1, 2024",Staff_5,Metal,1855,Complete Bill,685,1170,33,UPI Transfer,,
3,1.413,"Monday, January 1, 2024",Staff_5,Sequins,2422,Complete Bill,1090,1333,43,Cash,,
4,1.414,"Monday, January 1, 2024",Staff_4,Embroidery,2093,Complete Bill,1430,663,19,Scan &  Pay,,
5,1.415,"Tuesday, January 2, 2024",Staff_5,Silicon,973,Complete Bill,-249,1222,31,UPI Transfer,,
6,1.416,"Tuesday, January 2, 2024",Staff_1,Wool,609,Running Bill,-464,1073,17,Cash,,
7,1.417,"Tuesday, January 2, 2024",Staff_1,Wool,1295,Running Bill,255,1040,17,Cash,,
8,1.418,"Tuesday, January 2, 2024",Staff_1,Silicon,1386,Complete Bill,203,1183,22,Scan &  Pay,,
9,1.419,"Tuesday, January 2, 2024",Staff_4,Sequins,1911,Running Bill,1242,670,16,UPI Transfer,,
10,1.42,"Tuesday, January 2, 2024",Staff_3,Metal,2947,Running Bill,2167,780,24,Cash,,
11,1.421,"Wednesday, January 3, 2024",Staff_1,Embroidery,735,Complete Bill,-305,1040,14,Scan &  Pay,,
12,1.422,"Wednesday, January 3, 2024",Staff_1,Sequins,427,Running Bill,-646,1073,24,Scan &  Pay,,
13,1.423,"Wednesday, January 3, 2024",Staff_2,Embroidery,1225,Running Bill,543,683,24,Scan &  Pay,,
14,1.424,"Wednesday, January 3, 2024",Staff_3,Metal,2009,Complete Bill,1138,871,18,Scan &  Pay,,
15,1.425,"Wednesday, January 3, 2024",Staff_3,Sequins,448,Running Bill,-404,852,20,Scan &  Pay,,
16,1.426,"Wednesday, January 3, 2024",Staff_4,Metal,1869,Running Bill,1096,774,24,Cash,,
17,1.427,"Thursday, January 4, 2024",Staff_1,Metal,1603,Running Bill,680,923,16,Cash,,
18,1.428,"Thursday, January 4, 2024",Staff_2,Wool,3080,Running Bill,2359,722,14,Cash,,
19,1.429,"Thursday, January 4, 2024",Staff_1,Wool,3010,Running Bill,2016,995,16,Scan &  Pay,,
20,1.43,"Thursday, January 4, 2024",Staff_1,Metal,357,Running Bill,-683,1040,16,Cash,,
21,1.431,"Thursday, January 4, 2024",Staff_5,Embroidery,2415,Running Bill,1213,1203,37,Scan &  Pay,,
22,1.432,"Thursday, January 4, 2024",Staff_5,Metal,1064,Complete Bill,-256,1320,32,UPI Transfer,,
23,1.433,"Thursday, January 4, 2024",Staff_2,Wool,980,Complete Bill,161,819,17,Scan &  Pay,,
24,1.434,"Thursday, January 4, 2024",Staff_5,Silicon,1015,Complete Bill,-357,1372,43,Cash,,
25,1.435,"Thursday, January 4, 2024",Staff_3,Metal,2121,Complete Bill,1283,839,18,Scan &  Pay,,
26,1.436,"Friday, January 5, 2024",Staff_1,Silicon,3136,Complete Bill,2096,1040,15,Scan &  Pay,,
27,1.437,"Friday, January 5, 2024",Staff_2,Embroidery,749,Complete Bill,67,683,19,Scan &  Pay,,
28,1.438,"Friday, January 5, 2024",Staff_2,Silicon,2394,Complete Bill,1660,735,19,Scan &  Pay,,
29,1.439,"Friday, January 5, 2024",Staff_4,Embroidery,371,Running Bill,-344,715,14,UPI Transfer,,
30,1.44,"Friday, January 5, 2024",Staff_4,Silicon,2695,Running Bill,1993,702,15,UPI Transfer,,
31,1.441,"Friday, January 5, 2024",Staff_3,Sequins,3311,Running Bill,2427,884,16,UPI Transfer,,
32,1.442,"Saturday, January 6, 2024",Staff_5,Metal,2219,Due Bill,1010,1209,36,Scan &  Pay,1219,
33,1.443,"Saturday, January 6, 2024",Staff_4,Wool,2163,Complete Bill,1396,767,21,Cash,,
34,1.444,"Saturday, January 6, 2024",Staff_1,Silicon,2072,Running Bill,909,1164,24,Cash,,
35,1.445,"Saturday, January 6, 2024",Staff_3,Silicon,1071,Running Bill,233,839,14,UPI Transfer,,
36,1.446,"Saturday, January 6, 2024",Staff_3,Sequins,1834,Running Bill,924,910,16,UPI Transfer,,
37,1.447,"Saturday, January 6, 2024",Staff_4,Metal,1680,Running Bill,926,754,15,UPI Transfer,,
38,1.448,"Sunday, January 7, 2024",Staff_2,Embroidery,2016,Running Bill,1210,806,20,Cash,,
39,1.449,"Sunday, January 7, 2024",Staff_5,Wool,3283,Complete Bill,1834,1450,44,Cash,,
40,1.45,"Sunday, January 7, 2024",Staff_1,Silicon,1827,Running Bill,651,1177,23,Cash,,
41,1.451,"Sunday, January 7, 2024",Staff_3,Wool,651,Complete Bill,-259,910,22,Cash,,
42,1.452,"Monday, January 8, 2024",Staff_5,Embroidery,1547,Advance Bill,215,1333,33,Scan &  Pay,,500
43,1.453,"Monday, January 8, 2024",Staff_5,Sequins,1204,Complete Bill,-194,1398,29,UPI Transfer,,
44,1.454,"Monday, January 8, 2024",Staff_1,Sequins,3150,Complete Bill,2078,1073,15,UPI Transfer,,
45,1.455,"Monday, January 8, 2024",Staff_5,Silicon,3444,Complete Bill,2209,1235,39,Cash,,
46,1.456,"Monday, January 8, 2024",Staff_2,Sequins,3206,Running Bill,2446,761,15,Scan &  Pay,,
47,1.457,"Monday, January 8, 2024",Staff_1,Metal,2282,Running Bill,1034,1248,16,Cash,,
48,1.458,"Monday, January 8, 2024",Staff_1,Silicon,2737,Complete Bill,1548,1190,18,Scan &  Pay,,
49,1.459,"Monday, January 8, 2024",Staff_4,Silicon,511,Complete Bill,-256,767,21,Cash,,
50,1.46,"Monday, January 8, 2024",Staff_4,Sequins,1204,Running Bill,528,676,17,Scan &  Pay,,
51,1.461,"Monday, January 8, 2024",Staff_3,Sequins,2828,Running Bill,1983,845,20,Scan &  Pay,,
52,1.462,"Monday, January 8, 2024",Staff_4,Embroidery,1309,Running Bill,523,787,15,UPI Transfer,,
53,1.463,"Monday, January 8, 2024",Staff_4,Embroidery,1239,Complete Bill,557,683,18,Scan &  Pay,,
54,1.464,"Monday, January 8, 2024",Staff_4,Metal,1421,Complete Bill,700,722,18,Scan &  Pay,,
55,1.465,"Tuesday, January 9, 2024",Staff_2,Embroidery,483,Running Bill,-213,696,17,Scan &  Pay,,
56,1.466,"Tuesday, January 9, 2024",Staff_5,Sequins,2275,Complete Bill,1053,1222,29,UPI Transfer,,
57,1.467,"Tuesday, January 9, 2024",Staff_1,Sequins,1015,Complete Bill,-38,1053,15,UPI Transfer,,
58,1.468,"Tuesday, January 9, 2024",Staff_2,Embroidery,1589,Running Bill,991,598,15,Scan &  Pay,,
59,1.469,"Tuesday, January 9, 2024",Staff_1,Silicon,1295,Complete Bill,366,930,19,Scan &  Pay,,
60,1.47,"Tuesday, January 9, 2024",Staff_2,Embroidery,1946,Running Bill,1192,754,23,Scan &  Pay,,
61,1.471,"Tuesday, January 9, 2024",Staff_2,Wool,1176,Running Bill,370,806,24,Cash,,
62,1.472,"Tuesday, January 9, 2024",Staff_3,Silicon,3493,Running Bill,2739,754,15,UPI Transfer,,
63,1.473,"Tuesday, January 9, 2024",Staff_4,Sequins,861,Running Bill,172,689,24,Cash,,
64,1.474,"Tuesday, January 9, 2024",Staff_3,Metal,882,Complete Bill,-48,930,21,Cash,,
65,1.475,"Tuesday, January 9, 2024",Staff_3,Sequins,2457,Running Bill,1547,910,16,UPI Transfer,,
66,1.476,"Tuesday, January 9, 2024",Staff_4,Silicon,1603,Running Bill,830,774,16,UPI Transfer,,
67,1.477,"Wednesday, January 10, 2024",Staff_2,Sequins,2485,Complete Bill,1770,715,22,Cash,,
68,1.478,"Wednesday, January 10, 2024",Staff_1,Silicon,483,Running Bill,-531,1014,23,Cash,,
69,1.479,"Wednesday, January 10, 2024",Staff_1,Sequins,1757,Running Bill,802,956,23,UPI Transfer,,
70,1.48,"Wednesday, January 10, 2024",Staff_5,Embroidery,1449,Complete Bill,201,1248,45,Cash,,
71,1.481,"Wednesday, January 10, 2024",Staff_4,Metal,903,Running Bill,169,735,16,UPI Transfer,,
72,1.482,"Wednesday, January 10, 2024",Staff_3,Silicon,1183,Running Bill,319,865,16,UPI Transfer,,
73,1.483,"Wednesday, January 10, 2024",Staff_4,Embroidery,2919,Due Bill,2204,715,23,Cash,1400,
74,1.484,"Thursday, January 11, 2024",Staff_5,Wool,2387,Complete Bill,1198,1190,31,UPI Transfer,,
75,1.485,"Thursday, January 11, 2024",Staff_1,Embroidery,1582,Running Bill,497,1086,17,Scan &  Pay,,
76,1.486,"Thursday, January 11, 2024",Staff_1,Wool,917,Running Bill,-370,1287,23,Cash,,
77,1.487,"Thursday, January 11, 2024",Staff_4,Silicon,427,Running Bill,-249,676,16,UPI Transfer,,
78,1.488,"Thursday, January 11, 2024",Staff_3,Embroidery,2303,Running Bill,1393,910,23,Cash,,
79,1.489,"Thursday, January 11, 2024",Staff_4,Sequins,1204,Complete Bill,515,689,19,Scan &  Pay,,
80,1.49,"Thursday, January 11, 2024",Staff_3,Wool,1652,Complete Bill,820,832,19,Scan &  Pay,,
81,1.491,"Thursday, January 11, 2024",Staff_4,Sequins,2737,Complete Bill,1912,826,22,Cash,,
82,1.492,"Thursday, January 11, 2024",Staff_4,Sequins,1855,Running Bill,1088,767,17,Scan &  Pay,,
83,1.493,"Thursday, January 11, 2024",Staff_3,Sequins,2954,Running Bill,1960,995,24,Cash,,
84,1.494,"Friday, January 12, 2024",Staff_5,Sequins,518,Complete Bill,-893,1411,31,Scan &  Pay,,
85,1.495,"Friday, January 12, 2024",Staff_5,Silicon,3206,Complete Bill,1835,1372,31,UPI Transfer,,
86,1.496,"Friday, January 12, 2024",Staff_2,Silicon,2499,Running Bill,1843,657,15,Cash,,
87,1.497,"Friday, January 12, 2024",Staff_5,Metal,1673,Complete Bill,302,1372,39,Cash,,
88,1.498,"Friday, January 12, 2024",Staff_2,Sequins,2660,Running Bill,2017,644,21,Cash,,
89,1.499,"Friday, January 12, 2024",Staff_4,Embroidery,1225,Running Bill,530,696,15,UPI Transfer,,
90,1.5,"Friday, January 12, 2024",Staff_4,Metal,1225,Running Bill,582,644,17,Scan &  Pay,,
91,1.501,"Friday, January 12, 2024",Staff_4,Sequins,1001,Running Bill,299,702,17,Scan &  Pay,,
92,1.502,"Friday, January 12, 2024",Staff_3,Embroidery,2072,Running Bill,1227,845,17,Scan &  Pay,,
93,1.503,"Friday, January 12, 2024",Staff_4,Silicon,3486,Running Bill,2739,748,17,Scan &  Pay,,
94,1.504,"Friday, January 12, 2024",Staff_4,Sequins,2149,Complete Bill,1408,741,21,Cash,,
95,1.505,"Saturday, January 13, 2024",Staff_1,Wool,658,Complete Bill,-200,858,18,Scan &  Pay,,
96,1.506,"Saturday, January 13, 2024",Staff_2,Wool,2758,Complete Bill,2037,722,18,UPI Transfer,,
97,1.507,"Saturday, January 13, 2024",Staff_2,Metal,2205,Complete Bill,1575,631,18,UPI Transfer,,
98,1.508,"Saturday, January 13, 2024",Staff_2,Sequins,1659,Running Bill,918,741,23,Cash,,
99,1.509,"Saturday, January 13, 2024",Staff_2,Metal,2212,Complete Bill,1517,696,21,Scan &  Pay,,
100,1.51,"Saturday, January 13, 2024",Staff_3,Sequins,2044,Running Bill,1219,826,23,Cash,,
101,1.511,"Saturday, January 13, 2024",Staff_3,Sequins,1610,Running Bill,668,943,24,Cash,,
102,1.512,"Sunday, January 14, 2024",Staff_1,Sequins,2618,Complete Bill,1650,969,15,UPI Transfer,,
103,1.513,"Sunday, January 14, 2024",Staff_1,Sequins,1624,Complete Bill,721,904,18,Scan &  Pay,,
104,1.514,"Sunday, January 14, 2024",Staff_3,Wool,546,Running Bill,-189,735,14,UPI Transfer,,
105,1.515,"Sunday, January 14, 2024",Staff_4,Embroidery,1680,Running Bill,985,696,15,UPI Transfer,,
106,1.516,"Sunday, January 14, 2024",Staff_3,Silicon,2842,Complete Bill,1952,891,22,Cash,,
107,1.517,"Sunday, January 14, 2024",Staff_3,Silicon,553,Complete Bill,-344,897,22,Cash,,
108,1.518,"Monday, January 15, 2024",Staff_5,Embroidery,2716,Complete Bill,1195,1521,39,Cash,,
109,1.519,"Monday, January 15, 2024",Staff_2,Wool,1064,Running Bill,323,741,16,UPI Transfer,,
110,1.52,"Monday, January 15, 2024",Staff_2,Wool,2646,Running Bill,1925,722,20,Scan &  Pay,,
111,1.521,"Monday, January 15, 2024",Staff_4,Sequins,1512,Running Bill,849,663,23,Cash,,
112,1.522,"Monday, January 15, 2024",Staff_4,Sequins,2884,Running Bill,2078,806,14,UPI Transfer,,
113,1.523,"Monday, January 15, 2024",Staff_3,Sequins,2877,Running Bill,2052,826,16,UPI Transfer,,
114,1.524,"Tuesday, January 16, 2024",Staff_1,Wool,2611,Complete Bill,1539,1073,14,Cash,,
115,1.525,"Tuesday, January 16, 2024",Staff_2,Metal,3003,Complete Bill,2334,670,18,Cash,,
116,1.526,"Tuesday, January 16, 2024",Staff_5,Sequins,2996,Advance Bill,1664,1333,43,Cash,,2000
117,1.527,"Tuesday, January 16, 2024",Staff_1,Sequins,2072,Complete Bill,1078,995,22,Scan &  Pay,,
118,1.528,"Tuesday, January 16, 2024",Staff_1,Sequins,3430,Complete Bill,2306,1125,22,Scan &  Pay,,
119,1.529,"Tuesday, January 16, 2024",Staff_5,Sequins,938,Complete Bill,-317,1255,42,Scan &  Pay,,
120,1.53,"Tuesday, January 16, 2024",Staff_3,Embroidery,2072,Running Bill,1260,813,15,UPI Transfer,,
121,1.531,"Tuesday, January 16, 2024",Staff_3,Silicon,798,Running Bill,51,748,14,UPI Transfer,,
122,1.532,"Wednesday, January 17, 2024",Staff_2,Metal,3500,Running Bill,2876,624,17,Cash,,
123,1.533,"Wednesday, January 17, 2024",Staff_2,Metal,1323,Complete Bill,589,735,21,Scan &  Pay,,
124,1.534,"Wednesday, January 17, 2024",Staff_2,Silicon,1148,Complete Bill,342,806,22,Cash,,
125,1.535,"Wednesday, January 17, 2024",Staff_3,Wool,511,Running Bill,-360,871,14,UPI Transfer,,
126,1.536,"Wednesday, January 17, 2024",Staff_3,Metal,959,Running Bill,127,832,16,UPI Transfer,,
127,1.537,"Wednesday, January 17, 2024",Staff_4,Wool,854,Running Bill,165,689,20,Scan &  Pay,,
128,1.538,"Wednesday, January 17, 2024",Staff_3,Metal,1113,Complete Bill,125,988,22,Cash,,
129,1.539,"Wednesday, January 17, 2024",Staff_4,Metal,868,Complete Bill,147,722,22,Cash,,
130,1.54,"Thursday, January 18, 2024",Staff_2,Silicon,763,Running Bill,61,702,20,Scan &  Pay,,
131,1.541,"Thursday, January 18, 2024",Staff_2,Embroidery,1547,Running Bill,871,676,16,Cash,,
132,1.542,"Thursday, January 18, 2024",Staff_5,Metal,1715,Complete Bill,415,1300,42,Cash,,
133,1.543,"Thursday, January 18, 2024",Staff_5,Silicon,1421,Running Bill,251,1170,37,Scan &  Pay,,
134,1.544,"Thursday, January 18, 2024",Staff_5,Metal,455,Running Bill,-787,1242,38,Scan &  Pay,,
135,1.545,"Thursday, January 18, 2024",Staff_4,Wool,1666,Complete Bill,886,780,21,Cash,,
136,1.546,"Thursday, January 18, 2024",Staff_5,Wool,2814,Complete Bill,1495,1320,42,Scan &  Pay,,
137,1.547,"Thursday, January 18, 2024",Staff_2,Sequins,2982,Complete Bill,2215,767,22,UPI Transfer,,
138,1.548,"Thursday, January 18, 2024",Staff_1,Embroidery,406,Running Bill,-823,1229,24,Scan &  Pay,,
139,1.549,"Thursday, January 18, 2024",Staff_4,Metal,2030,Running Bill,1328,702,15,UPI Transfer,,
140,1.55,"Thursday, January 18, 2024",Staff_3,Silicon,2331,Running Bill,1415,917,15,UPI Transfer,,
141,1.551,"Thursday, January 18, 2024",Staff_4,Wool,1211,Running Bill,457,754,20,Scan &  Pay,,
142,1.552,"Thursday, January 18, 2024",Staff_3,Wool,3325,Running Bill,2409,917,20,Scan &  Pay,,
143,1.553,"Thursday, January 18, 2024",Staff_4,Wool,2247,Complete Bill,1493,754,19,Scan &  Pay,,
144,1.554,"Friday, January 19, 2024",Staff_1,Metal,2555,Running Bill,1580,975,17,Scan &  Pay,,
145,1.555,"Friday, January 19, 2024",Staff_1,Embroidery,2632,Complete Bill,1553,1079,19,Cash,,
146,1.556,"Friday, January 19, 2024",Staff_2,Metal,3416,Running Bill,2552,865,20,Scan &  Pay,,
147,1.557,"Friday, January 19, 2024",Staff_2,Silicon,2401,Running Bill,1634,767,20,UPI Transfer,,
148,1.558,"Friday, January 19, 2024",Staff_1,Silicon,2989,Due Bill,2034,956,22,Cash,1489,
149,1.559,"Friday, January 19, 2024",Staff_5,Embroidery,1414,Running Bill,127,1287,36,UPI Transfer,,
150,1.56,"Friday, January 19, 2024",Staff_5,Embroidery,2681,Complete Bill,1401,1281,38,UPI Transfer,,
151,1.561,"Friday, January 19, 2024",Staff_4,Sequins,1218,Complete Bill,451,767,18,Scan &  Pay,,
152,1.562,"Friday, January 19, 2024",Staff_4,Metal,1820,Running Bill,1092,728,15,UPI Transfer,,
153,1.563,"Friday, January 19, 2024",Staff_3,Metal,1428,Running Bill,531,897,16,UPI Transfer,,
154,1.564,"Friday, January 19, 2024",Staff_3,Metal,1813,Running Bill,981,832,23,Cash,,
155,1.565,"Friday, January 19, 2024",Staff_4,Silicon,798,Running Bill,-80,878,24,Cash,,
156,1.566,"Friday, January 19, 2024",Staff_3,Sequins,2443,Complete Bill,1624,819,19,Scan &  Pay,,
157,1.567,"Saturday, January 20, 2024",Staff_2,Wool,1365,Running Bill,553,813,20,Cash,,
158,1.568,"Saturday, January 20, 2024",Staff_2,Wool,1911,Running Bill,1320,592,20,Cash,,
159,1.569,"Saturday, January 20, 2024",Staff_3,Embroidery,1946,Running Bill,1075,871,20,Scan &  Pay,,
160,1.57,"Saturday, January 20, 2024",Staff_4,Metal,2870,Running Bill,2188,683,23,Cash,,
161,1.571,"Sunday, January 21, 2024",Staff_1,Silicon,3339,Running Bill,2273,1066,21,Cash,,
162,1.572,"Sunday, January 21, 2024",Staff_2,Silicon,1638,Complete Bill,1008,631,14,Cash,,
163,1.573,"Sunday, January 21, 2024",Staff_2,Wool,2786,Complete Bill,1974,813,14,Cash,,
164,1.574,"Sunday, January 21, 2024",Staff_2,Metal,2541,Due Bill,1956,585,22,Cash,1041,
165,1.575,"Sunday, January 21, 2024",Staff_2,Silicon,2058,Running Bill,1376,683,15,Scan &  Pay,,
166,1.576,"Sunday, January 21, 2024",Staff_5,Metal,2366,Complete Bill,1151,1216,33,UPI Transfer,,
167,1.577,"Sunday, January 21, 2024",Staff_2,Sequins,2961,Running Bill,2253,709,20,Cash,,
168,1.578,"Sunday, January 21, 2024",Staff_1,Silicon,3325,Running Bill,2454,871,24,Cash,,
169,1.579,"Sunday, January 21, 2024",Staff_3,Embroidery,3486,Running Bill,2693,793,15,UPI Transfer,,
170,1.58,"Sunday, January 21, 2024",Staff_4,Silicon,2170,Running Bill,1429,741,14,UPI Transfer,,
171,1.581,"Sunday, January 21, 2024",Staff_4,Wool,1659,Running Bill,925,735,17,Scan &  Pay,,
172,1.582,"Monday, January 22, 2024",Staff_5,Metal,3171,Running Bill,1858,1313,38,Cash,,
173,1.583,"Monday, January 22, 2024",Staff_1,Silicon,2205,Running Bill,1185,1021,15,Cash,,
174,1.584,"Monday, January 22, 2024",Staff_1,Sequins,1435,Running Bill,415,1021,16,Scan &  Pay,,
175,1.585,"Monday, January 22, 2024",Staff_2,Sequins,602,Running Bill,-61,663,16,Cash,,
176,1.586,"Monday, January 22, 2024",Staff_2,Silicon,1568,Running Bill,931,637,17,Cash,,
177,1.587,"Monday, January 22, 2024",Staff_1,Metal,1813,Complete Bill,695,1118,19,Cash,,
178,1.588,"Monday, January 22, 2024",Staff_5,Silicon,798,Running Bill,-502,1300,38,Scan &  Pay,,
179,1.589,"Monday, January 22, 2024",Staff_4,Sequins,2198,Complete Bill,1360,839,21,Cash,,
180,1.59,"Monday, January 22, 2024",Staff_1,Embroidery,2219,Running Bill,1004,1216,23,Cash,,
181,1.591,"Monday, January 22, 2024",Staff_3,Sequins,2436,Running Bill,1630,806,14,UPI Transfer,,
182,1.592,"Monday, January 22, 2024",Staff_4,Silicon,1806,Complete Bill,1046,761,19,Scan &  Pay,,
183,1.593,"Monday, January 22, 2024",Staff_3,Silicon,2429,Running Bill,1630,800,17,Scan &  Pay,,
184,1.594,"Monday, January 22, 2024",Staff_3,Metal,700,Running Bill,-178,878,23,Cash,,
185,1.595,"Monday, January 22, 2024",Staff_3,Sequins,1967,Complete Bill,1122,845,22,Cash,,
186,1.596,"Monday, January 22, 2024",Staff_3,Sequins,2548,Running Bill,1768,780,14,UPI Transfer,,
187,1.597,"Monday, January 22, 2024",Staff_3,Wool,441,Running Bill,-430,871,17,Scan &  Pay,,
188,1.598,"Tuesday, January 23, 2024",Staff_2,Embroidery,2947,Running Bill,2193,754,16,Cash,,
189,1.599,"Tuesday, January 23, 2024",Staff_5,Metal,3010,Due Bill,1678,1333,47,Cash,1510,
190,1.6,"Tuesday, January 23, 2024",Staff_1,Wool,546,Running Bill,-709,1255,16,Scan &  Pay,,
191,1.601,"Tuesday, January 23, 2024",Staff_1,Embroidery,1162,Complete Bill,155,1008,18,Scan &  Pay,,
192,1.602,"Tuesday, January 23, 2024",Staff_2,Metal,2072,Complete Bill,1468,605,18,Scan &  Pay,,
193,1.603,"Tuesday, January 23, 2024",Staff_2,Embroidery,2625,Complete Bill,1910,715,19,Cash,,
194,1.604,"Tuesday, January 23, 2024",Staff_4,Silicon,2562,Complete Bill,1867,696,21,Cash,,
195,1.605,"Tuesday, January 23, 2024",Staff_1,Sequins,3430,Complete Bill,2260,1170,22,Scan &  Pay,,
196,1.606,"Tuesday, January 23, 2024",Staff_2,Silicon,3388,Complete Bill,2647,741,22,Scan &  Pay,,
197,1.607,"Tuesday, January 23, 2024",Staff_4,Metal,1330,Complete Bill,583,748,18,Scan &  Pay,,
198,1.608,"Tuesday, January 23, 2024",Staff_3,Silicon,700,Running Bill,-106,806,15,UPI Transfer,,
199,1.609,"Tuesday, January 23, 2024",Staff_4,Wool,1281,Complete Bill,566,715,22,Cash,,
200,1.61,"Wednesday, January 24, 2024",Staff_5,Silicon,854,Advance Bill,-511,1365,34,Scan &  Pay,,500
201,1.611,"Wednesday, January 24, 2024",Staff_2,Sequins,805,Running Bill,149,657,16,Scan &  Pay,,
202,1.612,"Wednesday, January 24, 2024",Staff_1,Silicon,1211,Running Bill,158,1053,17,Cash,,
203,1.613,"Wednesday, January 24, 2024",Staff_2,Silicon,2870,Running Bill,2064,806,20,Cash,,
204,1.614,"Wednesday, January 24, 2024",Staff_5,Sequins,2492,Complete Bill,1075,1417,38,UPI Transfer,,
205,1.615,"Wednesday, January 24, 2024",Staff_2,Wool,2562,Complete Bill,1776,787,22,Scan &  Pay,,
206,1.616,"Wednesday, January 24, 2024",Staff_1,Metal,966,Running Bill,-185,1151,24,Cash,,
207,1.617,"Wednesday, January 24, 2024",Staff_3,Sequins,2772,Running Bill,1999,774,15,UPI Transfer,,
208,1.618,"Wednesday, January 24, 2024",Staff_4,Embroidery,945,Running Bill,198,748,16,UPI Transfer,,
209,1.619,"Wednesday, January 24, 2024",Staff_4,Metal,2324,Running Bill,1583,741,24,Cash,,
210,1.62,"Wednesday, January 24, 2024",Staff_3,Silicon,462,Running Bill,-390,852,17,Scan &  Pay,,
211,1.621,"Thursday, January 25, 2024",Staff_5,Wool,1330,Advance Bill,160,1170,33,Scan &  Pay,,1000
212,1.622,"Thursday, January 25, 2024",Staff_5,Wool,378,Complete Bill,-961,1339,35,Scan &  Pay,,
213,1.623,"Thursday, January 25, 2024",Staff_1,Embroidery,1050,Running Bill,30,1021,14,Cash,,
214,1.624,"Thursday, January 25, 2024",Staff_5,Wool,2485,Running Bill,1179,1307,40,Cash,,
215,1.625,"Thursday, January 25, 2024",Staff_5,Embroidery,1141,Complete Bill,-354,1495,34,UPI Transfer,,
216,1.626,"Thursday, January 25, 2024",Staff_1,Sequins,462,Running Bill,-624,1086,21,Cash,,
217,1.627,"Thursday, January 25, 2024",Staff_5,Silicon,1484,Complete Bill,-70,1554,44,Cash,,
218,1.628,"Thursday, January 25, 2024",Staff_2,Sequins,2275,Complete Bill,1476,800,22,Cash,,
219,1.629,"Friday, January 26, 2024",Staff_1,Wool,679,Complete Bill,-517,1196,14,Scan &  Pay,,
220,1.63,"Friday, January 26, 2024",Staff_2,Sequins,3122,Running Bill,2479,644,16,Cash,,
221,1.631,"Friday, January 26, 2024",Staff_1,Silicon,1246,Complete Bill,271,975,18,Cash,,
222,1.632,"Friday, January 26, 2024",Staff_5,Silicon,3150,Due Bill,1746,1404,47,Cash,1150,
223,1.633,"Friday, January 26, 2024",Staff_2,Silicon,1057,Running Bill,420,637,24,UPI Transfer,,
224,1.634,"Friday, January 26, 2024",Staff_4,Wool,371,Running Bill,-383,754,24,Cash,,
225,1.635,"Saturday, January 27, 2024",Staff_1,Silicon,3178,Running Bill,2073,1105,16,Scan &  Pay,,
226,1.636,"Saturday, January 27, 2024",Staff_3,Silicon,1400,Running Bill,497,904,20,Scan &  Pay,,
227,1.637,"Saturday, January 27, 2024",Staff_3,Sequins,3318,Due Bill,2493,826,23,Cash,1018,
228,1.638,"Sunday, January 28, 2024",Staff_5,Sequins,1008,Due Bill,-175,1183,36,Scan &  Pay,508,
229,1.639,"Sunday, January 28, 2024",Staff_5,Silicon,987,Complete Bill,-495,1482,32,UPI Transfer,,
230,1.64,"Sunday, January 28, 2024",Staff_5,Silicon,2401,Complete Bill,965,1437,44,Cash,,
231,1.641,"Sunday, January 28, 2024",Staff_5,Embroidery,3493,Running Bill,2180,1313,36,UPI Transfer,,
232,1.642,"Sunday, January 28, 2024",Staff_3,Silicon,2506,Complete Bill,1635,871,18,Scan &  Pay,,
233,1.643,"Sunday, January 28, 2024",Staff_3,Silicon,2877,Complete Bill,2065,813,19,Scan &  Pay,,
234,1.644,"Sunday, January 28, 2024",Staff_3,Sequins,2331,Running Bill,1493,839,20,Scan &  Pay,,
235,1.645,"Sunday, January 28, 2024",Staff_4,Sequins,602,Running Bill,-172,774,24,Cash,,
236,1.646,"Monday, January 29, 2024",Staff_1,Silicon,1148,Complete Bill,115,1034,15,Scan &  Pay,,
237,1.647,"Monday, January 29, 2024",Staff_5,Wool,518,Complete Bill,-711,1229,39,Scan &  Pay,,
238,1.648,"Monday, January 29, 2024",Staff_1,Wool,1309,Complete Bill,282,1027,18,UPI Transfer,,
239,1.649,"Monday, January 29, 2024",Staff_1,Sequins,2317,Complete Bill,1238,1079,19,Scan &  Pay,,
240,1.65,"Monday, January 29, 2024",Staff_2,Metal,1603,Complete Bill,732,871,19,UPI Transfer,,
241,1.651,"Monday, January 29, 2024",Staff_4,Wool,3255,Complete Bill,2521,735,21,Cash,,
242,1.652,"Monday, January 29, 2024",Staff_5,Sequins,1862,Running Bill,458,1404,38,Scan &  Pay,,
243,1.653,"Monday, January 29, 2024",Staff_5,Wool,3241,Complete Bill,1922,1320,44,Cash,,
244,1.654,"Monday, January 29, 2024",Staff_3,Silicon,1736,Complete Bill,911,826,22,Cash,,
245,1.655,"Monday, January 29, 2024",Staff_3,Sequins,2520,Running Bill,1721,800,20,Scan &  Pay,,
246,1.656,"Monday, January 29, 2024",Staff_3,Sequins,826,Running Bill,-110,936,16,UPI Transfer,,
247,1.657,"Monday, January 29, 2024",Staff_1,Sequins,1421,Running Bill,388,1034,21,Scan &  Pay,,
248,1.658,"Monday, January 29, 2024",Staff_4,Embroidery,1701,Complete Bill,934,767,22,Cash,,
249,1.659,"Tuesday, January 30, 2024",Staff_2,Sequins,2373,Running Bill,1710,663,20,Cash,,
250,1.66,"Tuesday, January 30, 2024",Staff_1,Embroidery,2429,Running Bill,1227,1203,21,Cash,,
251,1.661,"Tuesday, January 30, 2024",Staff_3,Sequins,1582,Complete Bill,737,845,19,Scan &  Pay,,
252,1.662,"Tuesday, January 30, 2024",Staff_4,Wool,2975,Running Bill,2169,806,24,Cash,,
253,1.663,"Wednesday, January 31, 2024",Staff_1,Metal,532,Running Bill,-664,1196,20,Scan &  Pay,,
254,1.664,"Wednesday, January 31, 2024",Staff_2,Embroidery,2198,Complete Bill,1613,585,17,Cash,,
255,1.665,"Wednesday, January 31, 2024",Staff_1,Silicon,2506,Running Bill,1603,904,23,Cash,,
256,1.666,"Wednesday, January 31, 2024",Staff_1,Sequins,3164,Running Bill,2105,1060,24,UPI Transfer,,
257,1.667,"Wednesday, January 31, 2024",Staff_3,Sequins,1288,Due Bill,378,910,23,Cash,788,
258,1.668,"Wednesday, January 31, 2024",Staff_3,Wool,980,Running Bill,109,871,17,Scan &  Pay,,
259,1.669,"Thursday, February 1, 2024",Staff_5,Metal,2975,Due Bill,1877,1099,32,Scan &  Pay,975,
260,1.67,"Thursday, February 1, 2024",Staff_2,Metal,1624,Complete Bill,805,819,19,Scan &  Pay,,
261,1.671,"Thursday, February 1, 2024",Staff_5,Sequins,2821,Complete Bill,1658,1164,35,UPI Transfer,,
262,1.672,"Thursday, February 1, 2024",Staff_5,Silicon,2989,Complete Bill,1546,1443,44,Cash,,
263,1.673,"Thursday, February 1, 2024",Staff_5,Metal,1113,Running Bill,-356,1469,36,UPI Transfer,,
264,1.674,"Thursday, February 1, 2024",Staff_2,Wool,770,Running Bill,146,624,20,Scan &  Pay,,
265,1.675,"Thursday, February 1, 2024",Staff_4,Silicon,3374,Complete Bill,2640,735,21,Cash,,
266,1.676,"Thursday, February 1, 2024",Staff_3,Embroidery,2142,Running Bill,1284,858,17,Scan &  Pay,,
267,1.677,"Thursday, February 1, 2024",Staff_3,Silicon,1799,Running Bill,1032,767,14,UPI Transfer,,
268,1.678,"Thursday, February 1, 2024",Staff_4,Embroidery,1050,Running Bill,316,735,15,UPI Transfer,,
269,1.679,"Thursday, February 1, 2024",Staff_3,Silicon,1008,Running Bill,111,897,17,Scan &  Pay,,
270,1.68,"Thursday, February 1, 2024",Staff_4,Metal,903,Running Bill,214,689,23,Cash,,
271,1.681,"Thursday, February 1, 2024",Staff_3,Wool,889,Running Bill,-41,930,24,Cash,,
272,1.682,"Thursday, February 1, 2024",Staff_3,Silicon,2142,Running Bill,1245,897,14,UPI Transfer,,
273,1.683,"Friday, February 2, 2024",Staff_1,Wool,2961,Complete Bill,2019,943,14,Cash,,
274,1.684,"Friday, February 2, 2024",Staff_1,Silicon,3290,Complete Bill,2146,1144,14,Cash,,
275,1.685,"Friday, February 2, 2024",Staff_2,Wool,3465,Running Bill,2841,624,15,Scan &  Pay,,
276,1.686,"Friday, February 2, 2024",Staff_1,Embroidery,2394,Running Bill,1393,1001,16,Cash,,
277,1.687,"Friday, February 2, 2024",Staff_2,Metal,490,Advance Bill,-50,540,19,UPI Transfer,,200
278,1.688,"Friday, February 2, 2024",Staff_2,Silicon,2184,Running Bill,1482,702,16,UPI Transfer,,
279,1.689,"Friday, February 2, 2024",Staff_2,Wool,1568,Running Bill,931,637,17,Scan &  Pay,,
280,1.69,"Friday, February 2, 2024",Staff_5,Wool,3269,Complete Bill,2106,1164,35,Scan &  Pay,,
281,1.691,"Friday, February 2, 2024",Staff_2,Wool,2380,Complete Bill,1574,806,18,Cash,,
282,1.692,"Friday, February 2, 2024",Staff_5,Embroidery,2688,Complete Bill,1310,1378,33,UPI Transfer,,
283,1.693,"Friday, February 2, 2024",Staff_5,Sequins,1008,Complete Bill,-455,1463,43,Scan &  Pay,,
284,1.694,"Friday, February 2, 2024",Staff_4,Sequins,2562,Complete Bill,1795,767,19,Scan &  Pay,,
285,1.695,"Friday, February 2, 2024",Staff_4,Wool,3087,Running Bill,2320,767,17,Scan &  Pay,,
286,1.696,"Saturday, February 3, 2024",Staff_5,Sequins,2100,Complete Bill,651,1450,30,UPI Transfer,,
287,1.697,"Saturday, February 3, 2024",Staff_1,Embroidery,581,Complete Bill,-433,1014,15,Scan &  Pay,,
288,1.698,"Saturday, February 3, 2024",Staff_1,Metal,833,Running Bill,-162,995,16,Cash,,
289,1.699,"Saturday, February 3, 2024",Staff_5,Silicon,910,Complete Bill,-410,1320,39,UPI Transfer,,
290,1.7,"Saturday, February 3, 2024",Staff_1,Wool,1813,Running Bill,806,1008,17,Scan &  Pay,,
291,1.701,"Saturday, February 3, 2024",Staff_5,Embroidery,2044,Complete Bill,679,1365,45,Cash,,
292,1.702,"Saturday, February 3, 2024",Staff_4,Sequins,1183,Running Bill,410,774,17,Scan &  Pay,,
293,1.703,"Saturday, February 3, 2024",Staff_3,Metal,700,Running Bill,-132,832,15,UPI Transfer,,
294,1.704,"Sunday, February 4, 2024",Staff_1,Embroidery,2086,Running Bill,1033,1053,15,Scan &  Pay,,
295,1.705,"Sunday, February 4, 2024",Staff_5,Wool,1659,Complete Bill,281,1378,44,Cash,,
296,1.706,"Sunday, February 4, 2024",Staff_2,Silicon,476,Running Bill,-376,852,16,Cash,,
297,1.707,"Sunday, February 4, 2024",Staff_2,Silicon,2338,Running Bill,1734,605,16,Cash,,
298,1.708,"Sunday, February 4, 2024",Staff_1,Metal,504,Complete Bill,-627,1131,19,Scan &  Pay,,
299,1.709,"Sunday, February 4, 2024",Staff_1,Wool,917,Complete Bill,-58,975,22,Cash,,
300,1.71,"Sunday, February 4, 2024",Staff_5,Silicon,3416,Complete Bill,2103,1313,42,Scan &  Pay,,
301,1.711,"Sunday, February 4, 2024",Staff_4,Wool,1561,Complete Bill,853,709,22,Cash,,
302,1.712,"Sunday, February 4, 2024",Staff_2,Embroidery,497,Complete Bill,-199,696,21,Scan &  Pay,,
303,1.713,"Monday, February 5, 2024",Staff_1,Sequins,2331,Complete Bill,1512,819,14,UPI Transfer,,
304,1.714,"Monday, February 5, 2024",Staff_5,Silicon,378,Due Bill,-877,1255,36,Cash,100,
305,1.715,"Monday, February 5, 2024",Staff_1,Embroidery,2009,Complete Bill,943,1066,15,UPI Transfer,,
306,1.716,"Monday, February 5, 2024",Staff_5,Metal,567,Complete Bill,-694,1261,35,Scan &  Pay,,
307,1.717,"Monday, February 5, 2024",Staff_1,Wool,882,Running Bill,-210,1092,20,Cash,,
308,1.718,"Monday, February 5, 2024",Staff_1,Metal,3094,Complete Bill,2022,1073,22,Scan &  Pay,,
309,1.719,"Monday, February 5, 2024",Staff_3,Sequins,2807,Running Bill,1923,884,24,Cash,,
310,1.72,"Tuesday, February 6, 2024",Staff_1,Silicon,2667,Complete Bill,1660,1008,14,Scan &  Pay,,
311,1.721,"Tuesday, February 6, 2024",Staff_5,Sequins,2457,Complete Bill,1209,1248,28,UPI Transfer,,
312,1.722,"Tuesday, February 6, 2024",Staff_2,Sequins,2583,Complete Bill,1842,741,17,Scan &  Pay,,
313,1.723,"Tuesday, February 6, 2024",Staff_2,Metal,420,Running Bill,-269,689,17,Cash,,
314,1.724,"Tuesday, February 6, 2024",Staff_4,Silicon,756,Complete Bill,-31,787,21,Cash,,
315,1.725,"Tuesday, February 6, 2024",Staff_1,Sequins,3150,Running Bill,1909,1242,20,Scan &  Pay,,
316,1.726,"Tuesday, February 6, 2024",Staff_5,Metal,1470,Complete Bill,47,1424,38,UPI Transfer,,
317,1.727,"Tuesday, February 6, 2024",Staff_5,Metal,581,Complete Bill,-641,1222,48,Cash,,
318,1.728,"Tuesday, February 6, 2024",Staff_3,Wool,1757,Running Bill,951,806,23,Cash,,
319,1.729,"Tuesday, February 6, 2024",Staff_4,Silicon,2198,Running Bill,1477,722,20,Scan &  Pay,,
320,1.73,"Tuesday, February 6, 2024",Staff_4,Sequins,3031,Complete Bill,2264,767,19,Scan &  Pay,,
321,1.731,"Tuesday, February 6, 2024",Staff_4,Silicon,1827,Complete Bill,1093,735,19,Scan &  Pay,,
322,1.732,"Wednesday, February 7, 2024",Staff_5,Wool,1414,Complete Bill,153,1261,46,Cash,,
323,1.733,"Wednesday, February 7, 2024",Staff_2,Sequins,2723,Complete Bill,1878,845,18,Cash,,
324,1.734,"Wednesday, February 7, 2024",Staff_1,Wool,3318,Running Bill,2226,1092,21,Cash,,
325,1.735,"Wednesday, February 7, 2024",Staff_2,Wool,1358,Running Bill,546,813,23,UPI Transfer,,
326,1.736,"Wednesday, February 7, 2024",Staff_1,Sequins,2163,Running Bill,1162,1001,24,UPI Transfer,,
327,1.737,"Wednesday, February 7, 2024",Staff_3,Sequins,3486,Running Bill,2622,865,16,UPI Transfer,,
328,1.738,"Wednesday, February 7, 2024",Staff_4,Sequins,2443,Complete Bill,1722,722,19,Scan &  Pay,,
329,1.739,"Wednesday, February 7, 2024",Staff_3,Wool,1267,Running Bill,396,871,20,Scan &  Pay,,
330,1.74,"Wednesday, February 7, 2024",Staff_4,Metal,2030,Running Bill,1361,670,20,Scan &  Pay,,
331,1.741,"Wednesday, February 7, 2024",Staff_3,Wool,2079,Running Bill,1221,858,15,UPI Transfer,,
332,1.742,"Wednesday, February 7, 2024",Staff_4,Sequins,3325,Running Bill,2623,702,16,UPI Transfer,,
333,1.743,"Wednesday, February 7, 2024",Staff_4,Sequins,2898,Complete Bill,2131,767,19,Scan &  Pay,,
334,1.744,"Thursday, February 8, 2024",Staff_1,Silicon,2205,Complete Bill,1269,936,15,Cash,,
335,1.745,"Thursday, February 8, 2024",Staff_1,Wool,1568,Running Bill,470,1099,21,Cash,,
336,1.746,"Friday, February 9, 2024",Staff_2,Silicon,399,Running Bill,-258,657,16,Cash,,
337,1.747,"Friday, February 9, 2024",Staff_5,Sequins,882,Complete Bill,-405,1287,30,UPI Transfer,,
338,1.748,"Friday, February 9, 2024",Staff_2,Silicon,616,Running Bill,38,579,16,Cash,,
339,1.749,"Friday, February 9, 2024",Staff_1,Embroidery,2142,Complete Bill,1083,1060,18,UPI Transfer,,
340,1.75,"Friday, February 9, 2024",Staff_1,Wool,1001,Complete Bill,-195,1196,19,Cash,,
341,1.751,"Friday, February 9, 2024",Staff_3,Wool,1624,Running Bill,786,839,16,UPI Transfer,,
342,1.752,"Friday, February 9, 2024",Staff_3,Metal,3367,Running Bill,2587,780,16,UPI Transfer,,
343,1.753,"Friday, February 9, 2024",Staff_4,Metal,2170,Running Bill,1481,689,23,Cash,,
344,1.754,"Friday, February 9, 2024",Staff_3,Silicon,2541,Due Bill,1651,891,23,Cash,541,
345,1.755,"Friday, February 9, 2024",Staff_4,Sequins,2093,Running Bill,1294,800,20,Scan &  Pay,,
346,1.756,"Saturday, February 10, 2024",Staff_5,Silicon,2828,Complete Bill,1554,1274,30,UPI Transfer,,
347,1.757,"Saturday, February 10, 2024",Staff_2,Sequins,378,Running Bill,-402,780,16,Scan &  Pay,,
348,1.758,"Saturday, February 10, 2024",Staff_1,Wool,567,Running Bill,-532,1099,16,Cash,,
349,1.759,"Saturday, February 10, 2024",Staff_1,Metal,1533,Running Bill,331,1203,24,Cash,,
350,1.76,"Saturday, February 10, 2024",Staff_5,Sequins,2975,Advance Bill,1727,1248,44,Scan &  Pay,,2000
351,1.761,"Saturday, February 10, 2024",Staff_3,Embroidery,2555,Running Bill,1834,722,17,Scan &  Pay,,
352,1.762,"Saturday, February 10, 2024",Staff_3,Metal,497,Running Bill,-335,832,17,Scan &  Pay,,
353,1.763,"Sunday, February 11, 2024",Staff_1,Wool,3381,Complete Bill,2302,1079,14,Cash,,
354,1.764,"Sunday, February 11, 2024",Staff_1,Wool,595,Advance Bill,-465,1060,19,Scan &  Pay,,500
355,1.765,"Sunday, February 11, 2024",Staff_5,Silicon,1708,Running Bill,356,1352,37,Scan &  Pay,,
356,1.766,"Sunday, February 11, 2024",Staff_5,Wool,546,Running Bill,-845,1391,40,Scan &  Pay,,
357,1.767,"Sunday, February 11, 2024",Staff_1,Sequins,3178,Running Bill,1989,1190,23,Scan &  Pay,,
358,1.768,"Sunday, February 11, 2024",Staff_3,Sequins,441,Running Bill,-372,813,15,UPI Transfer,,
359,1.769,"Sunday, February 11, 2024",Staff_4,Embroidery,2534,Running Bill,1800,735,17,Scan &  Pay,,
360,1.77,"Monday, February 12, 2024",Staff_5,Silicon,2296,Complete Bill,1178,1118,31,UPI Transfer,,
361,1.771,"Monday, February 12, 2024",Staff_1,Wool,3108,Running Bill,1841,1268,20,Cash,,
362,1.772,"Monday, February 12, 2024",Staff_2,Wool,3108,Running Bill,2348,761,24,UPI Transfer,,
363,1.773,"Monday, February 12, 2024",Staff_3,Sequins,3045,Running Bill,2194,852,20,Scan &  Pay,,
364,1.774,"Monday, February 12, 2024",Staff_4,Embroidery,2583,Complete Bill,1862,722,18,Scan &  Pay,,
365,1.775,"Tuesday, February 13, 2024",Staff_1,Silicon,2807,Running Bill,1611,1196,15,Cash,,
366,1.776,"Tuesday, February 13, 2024",Staff_1,Wool,847,Running Bill,-102,949,17,Scan &  Pay,,
367,1.777,"Tuesday, February 13, 2024",Staff_1,Wool,1260,Complete Bill,324,936,18,UPI Transfer,,
368,1.778,"Tuesday, February 13, 2024",Staff_3,Embroidery,1673,Complete Bill,802,871,19,Scan &  Pay,,
369,1.779,"Tuesday, February 13, 2024",Staff_3,Wool,2408,Running Bill,1537,871,17,Scan &  Pay,,
370,1.78,"Tuesday, February 13, 2024",Staff_3,Sequins,1092,Complete Bill,117,975,19,Scan &  Pay,,
371,1.781,"Wednesday, February 14, 2024",Staff_5,Embroidery,1113,Complete Bill,-142,1255,32,UPI Transfer,,
372,1.782,"Wednesday, February 14, 2024",Staff_2,Embroidery,2135,Running Bill,1472,663,17,Scan &  Pay,,
373,1.783,"Wednesday, February 14, 2024",Staff_1,Sequins,1176,Complete Bill,117,1060,19,Cash,,
374,1.784,"Wednesday, February 14, 2024",Staff_2,Sequins,805,Complete Bill,12,793,19,Scan &  Pay,,
375,1.785,"Wednesday, February 14, 2024",Staff_2,Sequins,2184,Running Bill,1469,715,20,Cash,,
376,1.786,"Wednesday, February 14, 2024",Staff_3,Wool,3409,Running Bill,2616,793,15,UPI Transfer,,
377,1.787,"Wednesday, February 14, 2024",Staff_3,Wool,1540,Complete Bill,591,949,18,Scan &  Pay,,
378,1.788,"Thursday, February 15, 2024",Staff_5,Silicon,1589,Due Bill,328,1261,36,Cash,589,
379,1.789,"Thursday, February 15, 2024",Staff_5,Embroidery,3003,Due Bill,1827,1177,32,UPI Transfer,1503,
380,1.79,"Thursday, February 15, 2024",Staff_1,Embroidery,3262,Running Bill,2112,1151,17,Cash,,
381,1.791,"Thursday, February 15, 2024",Staff_2,Silicon,2688,Complete Bill,2025,663,18,Scan &  Pay,,
382,1.792,"Thursday, February 15, 2024",Staff_1,Silicon,1442,Complete Bill,370,1073,19,Scan &  Pay,,
383,1.793,"Thursday, February 15, 2024",Staff_2,Wool,1449,Running Bill,663,787,20,UPI Transfer,,
384,1.794,"Thursday, February 15, 2024",Staff_5,Metal,2744,Complete Bill,1529,1216,38,UPI Transfer,,
385,1.795,"Thursday, February 15, 2024",Staff_2,Sequins,1981,Running Bill,1123,858,24,UPI Transfer,,
386,1.796,"Thursday, February 15, 2024",Staff_4,Metal,3206,Running Bill,2524,683,17,Scan &  Pay,,
387,1.797,"Thursday, February 15, 2024",Staff_4,Embroidery,588,Running Bill,-244,832,24,Cash,,
388,1.798,"Thursday, February 15, 2024",Staff_3,Metal,1512,Complete Bill,615,897,18,Scan &  Pay,,
389,1.799,"Thursday, February 15, 2024",Staff_3,Embroidery,1211,Complete Bill,282,930,19,Scan &  Pay,,
390,1.8,"Friday, February 16, 2024",Staff_1,Metal,1750,Complete Bill,554,1196,14,Scan &  Pay,,
391,1.801,"Friday, February 16, 2024",Staff_2,Sequins,3402,Complete Bill,2824,579,18,UPI Transfer,,
392,1.802,"Friday, February 16, 2024",Staff_5,Silicon,903,Complete Bill,-469,1372,42,Cash,,
393,1.803,"Friday, February 16, 2024",Staff_1,Embroidery,2723,Running Bill,1573,1151,24,Scan &  Pay,,
394,1.804,"Friday, February 16, 2024",Staff_4,Wool,2954,Complete Bill,2200,754,19,Scan &  Pay,,
395,1.805,"Friday, February 16, 2024",Staff_3,Wool,3024,Running Bill,2127,897,20,Scan &  Pay,,
396,1.806,"Friday, February 16, 2024",Staff_4,Embroidery,3157,Complete Bill,2462,696,22,Cash,,
397,1.807,"Saturday, February 17, 2024",Staff_1,Embroidery,1771,Complete Bill,640,1131,14,UPI Transfer,,
398,1.808,"Saturday, February 17, 2024",Staff_2,Metal,1841,Running Bill,1139,702,15,Cash,,
399,1.809,"Saturday, February 17, 2024",Staff_5,Silicon,1260,Complete Bill,-183,1443,34,Scan &  Pay,,
400,1.81,"Saturday, February 17, 2024",Staff_2,Silicon,1694,Running Bill,1142,553,15,Scan &  Pay,,
401,1.811,"Saturday, February 17, 2024",Staff_2,Wool,2065,Complete Bill,1337,728,19,Scan &  Pay,,
402,1.812,"Saturday, February 17, 2024",Staff_1,Sequins,1596,Running Bill,446,1151,20,UPI Transfer,,
403,1.813,"Saturday, February 17, 2024",Staff_5,Sequins,518,Complete Bill,-925,1443,45,Cash,,
404,1.814,"Saturday, February 17, 2024",Staff_4,Wool,3339,Complete Bill,2644,696,21,Cash,,
405,1.815,"Saturday, February 17, 2024",Staff_3,Sequins,3430,Due Bill,2605,826,23,Cash,630,
406,1.816,"Saturday, February 17, 2024",Staff_4,Wool,2667,Running Bill,1933,735,17,Scan &  Pay,,
407,1.817,"Sunday, February 18, 2024",Staff_1,Sequins,574,Complete Bill,-531,1105,17,Cash,,
408,1.818,"Sunday, February 18, 2024",Staff_2,Sequins,1533,Complete Bill,818,715,17,Scan &  Pay,,
409,1.819,"Sunday, February 18, 2024",Staff_1,Wool,1309,Complete Bill,224,1086,18,Cash,,
410,1.82,"Sunday, February 18, 2024",Staff_5,Sequins,2975,Complete Bill,1591,1385,35,Scan &  Pay,,
411,1.821,"Sunday, February 18, 2024",Staff_5,Metal,1113,Complete Bill,-272,1385,39,Scan &  Pay,,
412,1.822,"Sunday, February 18, 2024",Staff_1,Sequins,1533,Running Bill,415,1118,20,Cash,,
413,1.823,"Sunday, February 18, 2024",Staff_1,Metal,1547,Running Bill,442,1105,20,Cash,,
414,1.824,"Sunday, February 18, 2024",Staff_5,Wool,2016,Running Bill,671,1346,37,Scan &  Pay,,
415,1.825,"Sunday, February 18, 2024",Staff_3,Sequins,3178,Running Bill,2431,748,17,Scan &  Pay,,
416,1.826,"Sunday, February 18, 2024",Staff_3,Wool,1757,Running Bill,867,891,23,Cash,,
417,1.827,"Sunday, February 18, 2024",Staff_4,Metal,2919,Running Bill,2165,754,20,Scan &  Pay,,
418,1.828,"Sunday, February 18, 2024",Staff_3,Wool,602,Due Bill,-302,904,23,Cash,100,
419,1.829,"Monday, February 19, 2024",Staff_1,Sequins,3409,Running Bill,2311,1099,16,Scan &  Pay,,
420,1.83,"Monday, February 19, 2024",Staff_5,Sequins,2737,Running Bill,1359,1378,38,Cash,,
421,1.831,"Monday, February 19, 2024",Staff_2,Metal,2268,Running Bill,1625,644,20,Scan &  Pay,,
422,1.832,"Monday, February 19, 2024",Staff_1,Wool,567,Complete Bill,-441,1008,19,Scan &  Pay,,
423,1.833,"Monday, February 19, 2024",Staff_3,Sequins,2023,Running Bill,1165,858,17,Scan &  Pay,,
424,1.834,"Monday, February 19, 2024",Staff_4,Metal,1519,Running Bill,772,748,16,UPI Transfer,,
425,1.835,"Monday, February 19, 2024",Staff_3,Sequins,1330,Running Bill,544,787,15,UPI Transfer,,
426,1.836,"Monday, February 19, 2024",Staff_4,Silicon,1750,Running Bill,983,767,20,Scan &  Pay,,
427,1.837,"Monday, February 19, 2024",Staff_3,Embroidery,3269,Complete Bill,2340,930,19,Scan &  Pay,,
428,1.838,"Monday, February 19, 2024",Staff_3,Embroidery,392,Running Bill,-551,943,17,Scan &  Pay,,
429,1.839,"Monday, February 19, 2024",Staff_4,Embroidery,2835,Running Bill,2088,748,24,Cash,,
430,1.84,"Tuesday, February 20, 2024",Staff_5,Silicon,1897,Complete Bill,415,1482,29,UPI Transfer,,
431,1.841,"Tuesday, February 20, 2024",Staff_1,Embroidery,1519,Running Bill,414,1105,16,Cash,,
432,1.842,"Tuesday, February 20, 2024",Staff_1,Silicon,2961,Advance Bill,1895,1066,19,Scan &  Pay,,1000
433,1.843,"Tuesday, February 20, 2024",Staff_1,Metal,1841,Advance Bill,723,1118,19,Cash,,500
434,1.844,"Tuesday, February 20, 2024",Staff_2,Embroidery,2380,Running Bill,1548,832,23,Scan &  Pay,,
435,1.845,"Tuesday, February 20, 2024",Staff_3,Embroidery,350,Running Bill,-508,858,14,UPI Transfer,,
436,1.846,"Tuesday, February 20, 2024",Staff_4,Sequins,588,Complete Bill,-179,767,18,Scan &  Pay,,
437,1.847,"Tuesday, February 20, 2024",Staff_4,Wool,1813,Complete Bill,1027,787,21,Cash,,
438,1.848,"Tuesday, February 20, 2024",Staff_3,Metal,3157,Running Bill,2234,923,24,Cash,,
439,1.849,"Wednesday, February 21, 2024",Staff_5,Embroidery,588,Due Bill,-764,1352,32,UPI Transfer,188,
440,1.85,"Wednesday, February 21, 2024",Staff_2,Embroidery,2639,Complete Bill,2054,585,17,Cash,,
441,1.851,"Wednesday, February 21, 2024",Staff_2,Embroidery,602,Complete Bill,-133,735,18,Cash,,
442,1.852,"Wednesday, February 21, 2024",Staff_5,Wool,1120,Complete Bill,-109,1229,33,UPI Transfer,,
443,1.853,"Wednesday, February 21, 2024",Staff_2,Wool,3059,Running Bill,2390,670,20,Scan &  Pay,,
444,1.854,"Wednesday, February 21, 2024",Staff_1,Wool,490,Complete Bill,-615,1105,22,Cash,,
445,1.855,"Wednesday, February 21, 2024",Staff_1,Silicon,749,Running Bill,-272,1021,24,Scan &  Pay,,
446,1.856,"Wednesday, February 21, 2024",Staff_5,Silicon,3234,Complete Bill,1889,1346,45,Cash,,
447,1.857,"Wednesday, February 21, 2024",Staff_4,Wool,1820,Running Bill,1105,715,20,Scan &  Pay,,
448,1.858,"Wednesday, February 21, 2024",Staff_4,Silicon,1862,Running Bill,1154,709,16,UPI Transfer,,
449,1.859,"Wednesday, February 21, 2024",Staff_4,Sequins,1519,Complete Bill,804,715,18,Scan &  Pay,,
450,1.86,"Wednesday, February 21, 2024",Staff_4,Silicon,1169,Running Bill,376,793,23,Cash,,
451,1.861,"Thursday, February 22, 2024",Staff_2,Silicon,2870,Complete Bill,2188,683,18,UPI Transfer,,
452,1.862,"Thursday, February 22, 2024",Staff_5,Metal,2233,Running Bill,1044,1190,40,Scan &  Pay,,
453,1.863,"Thursday, February 22, 2024",Staff_1,Silicon,833,Running Bill,-259,1092,21,Cash,,
454,1.864,"Thursday, February 22, 2024",Staff_5,Wool,1939,Complete Bill,704,1235,45,Cash,,
455,1.865,"Thursday, February 22, 2024",Staff_4,Embroidery,2128,Running Bill,1511,618,15,UPI Transfer,,
456,1.866,"Thursday, February 22, 2024",Staff_4,Metal,2681,Complete Bill,1908,774,19,Scan &  Pay,,
457,1.867,"Thursday, February 22, 2024",Staff_4,Metal,2989,Complete Bill,2268,722,22,Cash,,
458,1.868,"Friday, February 23, 2024",Staff_5,Wool,3150,Complete Bill,1792,1359,30,UPI Transfer,,
459,1.869,"Friday, February 23, 2024",Staff_1,Metal,546,Complete Bill,-371,917,18,Cash,,
460,1.87,"Friday, February 23, 2024",Staff_1,Silicon,2842,Running Bill,1796,1047,23,Scan &  Pay,,
461,1.871,"Friday, February 23, 2024",Staff_4,Sequins,2338,Running Bill,1610,728,15,UPI Transfer,,
462,1.872,"Friday, February 23, 2024",Staff_1,Wool,1547,Running Bill,540,1008,21,Scan &  Pay,,
463,1.873,"Friday, February 23, 2024",Staff_3,Silicon,1407,Complete Bill,523,884,22,Cash,,
464,1.874,"Friday, February 23, 2024",Staff_4,Metal,532,Complete Bill,-235,767,18,Scan &  Pay,,
465,1.875,"Friday, February 23, 2024",Staff_2,Embroidery,2016,Complete Bill,1145,871,21,UPI Transfer,,
466,1.876,"Saturday, February 24, 2024",Staff_1,Sequins,959,Complete Bill,95,865,15,Scan &  Pay,,
467,1.877,"Saturday, February 24, 2024",Staff_1,Wool,1456,Running Bill,423,1034,24,Scan &  Pay,,
468,1.878,"Saturday, February 24, 2024",Staff_2,Silicon,2793,Running Bill,1955,839,24,UPI Transfer,,
469,1.879,"Saturday, February 24, 2024",Staff_2,Sequins,819,Running Bill,13,806,20,Scan &  Pay,,
470,1.88,"Saturday, February 24, 2024",Staff_2,Metal,987,Complete Bill,207,780,21,Cash,,
471,1.881,"Saturday, February 24, 2024",Staff_1,Wool,2086,Running Bill,1072,1014,24,Scan &  Pay,,
472,1.882,"Saturday, February 24, 2024",Staff_2,Metal,2660,Running Bill,1997,663,24,Cash,,
473,1.883,"Saturday, February 24, 2024",Staff_3,Metal,1827,Running Bill,904,923,16,UPI Transfer,,
474,1.884,"Sunday, February 25, 2024",Staff_2,Silicon,1722,Running Bill,1098,624,14,Cash,,
475,1.885,"Sunday, February 25, 2024",Staff_5,Embroidery,3493,Complete Bill,2083,1411,42,Cash,,
476,1.886,"Sunday, February 25, 2024",Staff_1,Silicon,1841,Running Bill,691,1151,20,UPI Transfer,,
477,1.887,"Sunday, February 25, 2024",Staff_3,Wool,3171,Running Bill,2391,780,17,Scan &  Pay,,
478,1.888,"Sunday, February 25, 2024",Staff_4,Wool,623,Complete Bill,-177,800,21,Cash,,
479,1.889,"Sunday, February 25, 2024",Staff_3,Wool,2891,Complete Bill,1903,988,21,Cash,,
480,1.89,"Monday, February 26, 2024",Staff_5,Embroidery,3010,Advance Bill,1678,1333,33,Scan &  Pay,,1000
481,1.891,"Monday, February 26, 2024",Staff_2,Embroidery,1680,Complete Bill,1043,637,18,Cash,,
482,1.892,"Monday, February 26, 2024",Staff_1,Wool,1715,Complete Bill,734,982,22,Cash,,
483,1.893,"Monday, February 26, 2024",Staff_2,Embroidery,3031,Complete Bill,2290,741,22,UPI Transfer,,
484,1.894,"Monday, February 26, 2024",Staff_2,Metal,1344,Running Bill,493,852,23,Scan &  Pay,,
485,1.895,"Monday, February 26, 2024",Staff_5,Silicon,2947,Complete Bill,1563,1385,40,UPI Transfer,,
486,1.896,"Monday, February 26, 2024",Staff_3,Wool,2947,Complete Bill,2128,819,18,Scan &  Pay,,
487,1.897,"Monday, February 26, 2024",Staff_3,Sequins,2240,Running Bill,1350,891,24,Cash,,
488,1.898,"Monday, February 26, 2024",Staff_1,Embroidery,441,Running Bill,-619,1060,21,Scan &  Pay,,
489,1.899,"Tuesday, February 27, 2024",Staff_1,Embroidery,987,Complete Bill,-105,1092,15,Scan &  Pay,,
490,1.9,"Tuesday, February 27, 2024",Staff_1,Metal,1330,Running Bill,160,1170,16,Scan &  Pay,,
491,1.901,"Tuesday, February 27, 2024",Staff_1,Metal,2765,Complete Bill,1654,1112,18,UPI Transfer,,
492,1.902,"Tuesday, February 27, 2024",Staff_1,Sequins,1232,Complete Bill,309,923,19,UPI Transfer,,
493,1.903,"Tuesday, February 27, 2024",Staff_1,Sequins,2814,Advance Bill,1787,1027,19,Scan &  Pay,,2000
494,1.904,"Tuesday, February 27, 2024",Staff_1,Silicon,2947,Running Bill,1927,1021,20,UPI Transfer,,
495,1.905,"Tuesday, February 27, 2024",Staff_1,Embroidery,385,Running Bill,-876,1261,20,Cash,,
496,1.906,"Tuesday, February 27, 2024",Staff_5,Embroidery,882,Complete Bill,-399,1281,42,Scan &  Pay,,
497,1.907,"Tuesday, February 27, 2024",Staff_2,Silicon,2149,Running Bill,1291,858,24,Cash,,
498,1.908,"Tuesday, February 27, 2024",Staff_4,Wool,1694,Running Bill,999,696,14,UPI Transfer,,
499,1.909,"Tuesday, February 27, 2024",Staff_4,Silicon,3206,Complete Bill,2420,787,22,Cash,,
500,1.91,"Tuesday, February 27, 2024",Staff_3,Silicon,700,Running Bill,-165,865,23,Cash,,
501,2.411,"Tuesday, February 27, 2024",Staff_4,Silicon,1540,Complete Bill,760,780,19,Scan &  Pay,,
502,2.412,"Tuesday, February 27, 2024",Staff_3,Wool,1911,Complete Bill,1086,826,19,Scan &  Pay,,
503,2.413,"Tuesday, February 27, 2024",Staff_4,Sequins,1526,Complete Bill,759,767,19,Scan &  Pay,,
504,2.414,"Tuesday, February 27, 2024",Staff_3,Wool,2450,Complete Bill,1631,819,18,Scan &  Pay,,
505,2.415,"Wednesday, February 28, 2024",Staff_1,Wool,1736,Complete Bill,735,1001,15,Scan &  Pay,,
506,2.416,"Wednesday, February 28, 2024",Staff_5,Embroidery,567,Advance Bill,-831,1398,34,Scan &  Pay,,200
507,2.417,"Wednesday, February 28, 2024",Staff_1,Sequins,1785,Complete Bill,576,1209,18,Scan &  Pay,,
508,2.418,"Wednesday, February 28, 2024",Staff_1,Sequins,2058,Running Bill,1031,1027,20,Scan &  Pay,,
509,2.419,"Wednesday, February 28, 2024",Staff_2,Embroidery,1323,Running Bill,621,702,23,Cash,,
510,2.42,"Wednesday, February 28, 2024",Staff_2,Metal,994,Complete Bill,188,806,19,UPI Transfer,,
511,2.421,"Wednesday, February 28, 2024",Staff_3,Wool,3381,Complete Bill,2569,813,19,Scan &  Pay,,
512,2.422,"Wednesday, February 28, 2024",Staff_4,Wool,1393,Running Bill,626,767,24,Cash,,
513,2.423,"Wednesday, February 28, 2024",Staff_3,Wool,2387,Running Bill,1425,962,24,Cash,,
514,2.424,"Thursday, February 29, 2024",Staff_2,Sequins,2520,Running Bill,1844,676,15,UPI Transfer,,
515,2.425,"Thursday, February 29, 2024",Staff_4,Sequins,3157,Complete Bill,2377,780,21,Cash,,
516,2.426,"Thursday, February 29, 2024",Staff_2,Sequins,728,Complete Bill,-59,787,22,Scan &  Pay,,
517,2.427,"Thursday, February 29, 2024",Staff_2,Silicon,1015,Running Bill,248,767,23,Cash,,
518,2.428,"Thursday, February 29, 2024",Staff_2,Embroidery,714,Running Bill,-1,715,24,UPI Transfer,,
519,2.429,"Thursday, February 29, 2024",Staff_4,Sequins,2877,Running Bill,2123,754,23,Cash,,
520,2.43,"Thursday, February 29, 2024",Staff_3,Silicon,2282,Running Bill,1418,865,17,Scan &  Pay,,
521,2.431,"Thursday, February 29, 2024",Staff_4,Wool,2212,Running Bill,1458,754,20,Scan &  Pay,,
522,2.432,"Friday, March 1, 2024",Staff_1,Embroidery,2933,Complete Bill,2010,923,15,UPI Transfer,,
523,2.433,"Friday, March 1, 2024",Staff_1,Embroidery,3290,Complete Bill,2101,1190,15,Scan &  Pay,,
524,2.434,"Friday, March 1, 2024",Staff_5,Wool,2415,Complete Bill,1011,1404,46,Cash,,
525,2.435,"Friday, March 1, 2024",Staff_2,Wool,2828,Complete Bill,2081,748,22,Cash,,
526,2.436,"Friday, March 1, 2024",Staff_3,Wool,1141,Running Bill,322,819,16,UPI Transfer,,
527,2.437,"Friday, March 1, 2024",Staff_3,Sequins,973,Complete Bill,89,884,21,Cash,,
528,2.438,"Friday, March 1, 2024",Staff_3,Sequins,2968,Complete Bill,2149,819,22,Cash,,
529,2.439,"Friday, March 1, 2024",Staff_4,Metal,1953,Running Bill,1206,748,14,UPI Transfer,,
530,2.44,"Friday, March 1, 2024",Staff_3,Wool,847,Running Bill,-76,923,17,Scan &  Pay,,
531,2.441,"Saturday, March 2, 2024",Staff_2,Embroidery,3444,Running Bill,2658,787,16,Scan &  Pay,,
532,2.442,"Saturday, March 2, 2024",Staff_1,Wool,2037,Running Bill,1095,943,17,Scan &  Pay,,
533,2.443,"Saturday, March 2, 2024",Staff_3,Wool,2807,Complete Bill,1884,923,21,Cash,,
534,2.444,"Saturday, March 2, 2024",Staff_5,Wool,2681,Complete Bill,1245,1437,45,Cash,,
535,2.445,"Saturday, March 2, 2024",Staff_1,Sequins,2212,Running Bill,1153,1060,23,Cash,,
536,2.446,"Saturday, March 2, 2024",Staff_5,Embroidery,1477,Advance Bill,340,1138,43,Scan &  Pay,,1000
537,2.447,"Saturday, March 2, 2024",Staff_4,Wool,3101,Complete Bill,2321,780,22,Cash,,
538,2.448,"Saturday, March 2, 2024",Staff_3,Embroidery,2807,Running Bill,1852,956,16,UPI Transfer,,
539,2.449,"Saturday, March 2, 2024",Staff_3,Sequins,2534,Complete Bill,1605,930,22,Cash,,
540,2.45,"Sunday, March 3, 2024",Staff_2,Sequins,2884,Running Bill,2247,637,14,Cash,,
541,2.451,"Sunday, March 3, 2024",Staff_1,Sequins,3262,Complete Bill,2229,1034,15,Cash,,
542,2.452,"Sunday, March 3, 2024",Staff_5,Wool,2478,Complete Bill,1185,1294,29,UPI Transfer,,
543,2.453,"Sunday, March 3, 2024",Staff_5,Metal,875,Complete Bill,-425,1300,42,Cash,,
544,2.454,"Sunday, March 3, 2024",Staff_2,Embroidery,448,Running Bill,-241,689,20,UPI Transfer,,
545,2.455,"Sunday, March 3, 2024",Staff_4,Silicon,1050,Running Bill,394,657,15,UPI Transfer,,
546,2.456,"Sunday, March 3, 2024",Staff_4,Sequins,644,Running Bill,-117,761,23,Cash,,
547,2.457,"Sunday, March 3, 2024",Staff_4,Wool,1246,Complete Bill,375,871,21,Cash,,
548,2.458,"Sunday, March 3, 2024",Staff_3,Metal,2576,Complete Bill,1627,949,19,Scan &  Pay,,
549,2.459,"Monday, March 4, 2024",Staff_2,Wool,1855,Running Bill,1036,819,20,UPI Transfer,,
550,2.46,"Monday, March 4, 2024",Staff_2,Wool,3388,Complete Bill,2608,780,22,Cash,,
551,2.461,"Monday, March 4, 2024",Staff_2,Silicon,1708,Running Bill,1026,683,24,Scan &  Pay,,
552,2.462,"Monday, March 4, 2024",Staff_4,Embroidery,1610,Complete Bill,856,754,21,Cash,,
553,2.463,"Monday, March 4, 2024",Staff_4,Wool,2331,Complete Bill,1558,774,21,Cash,,
554,2.464,"Monday, March 4, 2024",Staff_3,Silicon,539,Complete Bill,-417,956,23,Cash,,
555,2.465,"Tuesday, March 5, 2024",Staff_5,Silicon,728,Complete Bill,-449,1177,35,Cash,,
556,2.466,"Tuesday, March 5, 2024",Staff_5,Silicon,2779,Complete Bill,1460,1320,30,UPI Transfer,,
557,2.467,"Tuesday, March 5, 2024",Staff_5,Sequins,1764,Running Bill,516,1248,37,Cash,,
558,2.468,"Tuesday, March 5, 2024",Staff_1,Silicon,1120,Running Bill,-37,1157,20,Scan &  Pay,,
559,2.469,"Tuesday, March 5, 2024",Staff_4,Wool,672,Complete Bill,-56,728,21,Cash,,
560,2.47,"Tuesday, March 5, 2024",Staff_4,Wool,742,Running Bill,1,741,15,UPI Transfer,,
561,2.471,"Tuesday, March 5, 2024",Staff_3,Metal,2331,Running Bill,1493,839,14,UPI Transfer,,
562,2.472,"Tuesday, March 5, 2024",Staff_3,Sequins,784,Due Bill,-165,949,23,Cash,250,
563,2.473,"Wednesday, March 6, 2024",Staff_5,Sequins,2149,Running Bill,908,1242,37,Cash,,
564,2.474,"Wednesday, March 6, 2024",Staff_2,Embroidery,3500,Complete Bill,2766,735,18,UPI Transfer,,
565,2.475,"Wednesday, March 6, 2024",Staff_1,Wool,1015,Complete Bill,47,969,19,UPI Transfer,,
566,2.476,"Wednesday, March 6, 2024",Staff_5,Sequins,2611,Running Bill,1305,1307,37,UPI Transfer,,
567,2.477,"Wednesday, March 6, 2024",Staff_5,Wool,2394,Complete Bill,886,1508,39,Scan &  Pay,,
568,2.478,"Wednesday, March 6, 2024",Staff_1,Silicon,2758,Running Bill,1751,1008,23,Scan &  Pay,,
569,2.479,"Wednesday, March 6, 2024",Staff_2,Silicon,2310,Running Bill,1576,735,24,Cash,,
570,2.48,"Wednesday, March 6, 2024",Staff_1,Wool,1057,Running Bill,-94,1151,21,Scan &  Pay,,
571,2.481,"Wednesday, March 6, 2024",Staff_3,Metal,826,Running Bill,1,826,17,Scan &  Pay,,
572,2.482,"Thursday, March 7, 2024",Staff_2,Metal,399,Running Bill,-238,637,14,Cash,,
573,2.483,"Thursday, March 7, 2024",Staff_5,Silicon,2114,Complete Bill,847,1268,39,Cash,,
574,2.484,"Thursday, March 7, 2024",Staff_3,Silicon,1386,Running Bill,496,891,17,Scan &  Pay,,
575,2.485,"Thursday, March 7, 2024",Staff_4,Wool,2359,Complete Bill,1527,832,19,Scan &  Pay,,
576,2.486,"Thursday, March 7, 2024",Staff_3,Metal,3192,Running Bill,2347,845,17,Scan &  Pay,,
577,2.487,"Thursday, March 7, 2024",Staff_3,Silicon,1932,Running Bill,977,956,24,Cash,,
578,2.488,"Friday, March 8, 2024",Staff_2,Embroidery,1827,Running Bill,1047,780,14,Cash,,
579,2.489,"Friday, March 8, 2024",Staff_1,Wool,2639,Running Bill,1560,1079,16,Cash,,
580,2.49,"Friday, March 8, 2024",Staff_5,Metal,1708,Complete Bill,480,1229,39,Cash,,
581,2.491,"Friday, March 8, 2024",Staff_2,Metal,616,Running Bill,-80,696,20,Cash,,
582,2.492,"Friday, March 8, 2024",Staff_2,Metal,742,Running Bill,-64,806,23,Scan &  Pay,,
583,2.493,"Friday, March 8, 2024",Staff_4,Silicon,3234,Running Bill,2487,748,20,Scan &  Pay,,
584,2.494,"Friday, March 8, 2024",Staff_3,Embroidery,3297,Complete Bill,2433,865,18,Scan &  Pay,,
585,2.495,"Friday, March 8, 2024",Staff_1,Embroidery,1148,Running Bill,180,969,21,Scan &  Pay,,
586,2.496,"Friday, March 8, 2024",Staff_3,Sequins,1022,Complete Bill,93,930,23,Cash,,
587,2.497,"Saturday, March 9, 2024",Staff_5,Embroidery,826,Complete Bill,-500,1326,33,UPI Transfer,,
588,2.498,"Saturday, March 9, 2024",Staff_5,Metal,1155,Running Bill,11,1144,37,Scan &  Pay,,
589,2.499,"Saturday, March 9, 2024",Staff_1,Embroidery,2240,Running Bill,1200,1040,21,Scan &  Pay,,
590,2.5,"Saturday, March 9, 2024",Staff_2,Silicon,2807,Complete Bill,2151,657,22,UPI Transfer,,
591,2.501,"Saturday, March 9, 2024",Staff_4,Silicon,2597,Running Bill,1876,722,16,UPI Transfer,,
592,2.502,"Saturday, March 9, 2024",Staff_1,Embroidery,1680,Running Bill,562,1118,21,Scan &  Pay,,
593,2.503,"Sunday, March 10, 2024",Staff_5,Silicon,1218,Due Bill,-63,1281,36,Cash,718,
594,2.504,"Sunday, March 10, 2024",Staff_1,Wool,2037,Running Bill,893,1144,16,Cash,,
595,2.505,"Sunday, March 10, 2024",Staff_2,Wool,2842,Running Bill,2179,663,16,Cash,,
596,2.506,"Sunday, March 10, 2024",Staff_5,Embroidery,1463,Complete Bill,209,1255,44,Cash,,
597,2.507,"Sunday, March 10, 2024",Staff_2,Embroidery,672,Running Bill,-180,852,23,Cash,,
598,2.508,"Sunday, March 10, 2024",Staff_3,Sequins,2345,Complete Bill,1461,884,19,Scan &  Pay,,
599,2.509,"Sunday, March 10, 2024",Staff_3,Silicon,1267,Running Bill,461,806,14,UPI Transfer,,
600,2.51,"Sunday, March 10, 2024",Staff_2,Sequins,665,Complete Bill,-50,715,21,Scan &  Pay,,
601,2.511,"Monday, March 11, 2024",Staff_5,Wool,763,Advance Bill,-518,1281,33,Scan &  Pay,,500
602,2.512,"Monday, March 11, 2024",Staff_1,Wool,595,Complete Bill,-549,1144,18,Cash,,
603,2.513,"Monday, March 11, 2024",Staff_1,Silicon,3283,Complete Bill,2263,1021,19,Scan &  Pay,,
604,2.514,"Monday, March 11, 2024",Staff_5,Sequins,2086,Complete Bill,715,1372,39,Scan &  Pay,,
605,2.515,"Monday, March 11, 2024",Staff_5,Sequins,1078,Running Bill,-339,1417,36,UPI Transfer,,
606,2.516,"Monday, March 11, 2024",Staff_1,Metal,735,Due Bill,-234,969,22,Scan &  Pay,235,
607,2.517,"Monday, March 11, 2024",Staff_4,Silicon,1967,Complete Bill,1096,871,19,Scan &  Pay,,
608,2.518,"Tuesday, March 12, 2024",Staff_3,Silicon,1232,Complete Bill,407,826,21,Cash,,
609,2.519,"Tuesday, March 12, 2024",Staff_4,Wool,1771,Complete Bill,985,787,22,Cash,,
610,2.52,"Tuesday, March 12, 2024",Staff_4,Sequins,1365,Running Bill,618,748,24,Cash,,
611,2.521,"Tuesday, March 12, 2024",Staff_4,Silicon,3430,Running Bill,2657,774,15,UPI Transfer,,
612,2.522,"Wednesday, March 13, 2024",Staff_1,Silicon,3360,Running Bill,2268,1092,16,Scan &  Pay,,
613,2.523,"Wednesday, March 13, 2024",Staff_5,Metal,2079,Running Bill,721,1359,40,Scan &  Pay,,
614,2.524,"Wednesday, March 13, 2024",Staff_1,Silicon,3451,Running Bill,2405,1047,23,Cash,,
615,2.525,"Thursday, March 14, 2024",Staff_1,Wool,350,Complete Bill,-716,1066,17,Cash,,
616,2.526,"Thursday, March 14, 2024",Staff_1,Sequins,2317,Complete Bill,1206,1112,17,Scan &  Pay,,
617,2.527,"Thursday, March 14, 2024",Staff_4,Silicon,889,Running Bill,148,741,14,UPI Transfer,,
618,2.528,"Thursday, March 14, 2024",Staff_4,Embroidery,3283,Running Bill,2542,741,23,Cash,,
619,2.529,"Thursday, March 14, 2024",Staff_3,Sequins,987,Complete Bill,97,891,18,Scan &  Pay,,
620,2.53,"Friday, March 15, 2024",Staff_1,Metal,2289,Complete Bill,1074,1216,15,Scan &  Pay,,
621,2.531,"Friday, March 15, 2024",Staff_1,Wool,3171,Complete Bill,2066,1105,17,Cash,,
622,2.532,"Friday, March 15, 2024",Staff_5,Sequins,2793,Running Bill,1461,1333,37,UPI Transfer,,
623,2.533,"Friday, March 15, 2024",Staff_2,Wool,1848,Complete Bill,977,871,22,Cash,,
624,2.534,"Friday, March 15, 2024",Staff_2,Embroidery,1883,Complete Bill,1123,761,22,Cash,,
625,2.535,"Friday, March 15, 2024",Staff_5,Embroidery,1722,Complete Bill,377,1346,39,UPI Transfer,,
626,2.536,"Friday, March 15, 2024",Staff_4,Wool,2947,Running Bill,2213,735,14,UPI Transfer,,
627,2.537,"Friday, March 15, 2024",Staff_3,Wool,1988,Running Bill,1098,891,17,Scan &  Pay,,
628,2.538,"Friday, March 15, 2024",Staff_4,Embroidery,686,Complete Bill,-120,806,22,Cash,,
629,2.539,"Friday, March 15, 2024",Staff_4,Metal,1022,Running Bill,262,761,17,Scan &  Pay,,
630,2.54,"Friday, March 15, 2024",Staff_3,Metal,1316,Complete Bill,406,910,19,Scan &  Pay,,
631,2.541,"Friday, March 15, 2024",Staff_3,Embroidery,1820,Complete Bill,904,917,19,Scan &  Pay,,
632,2.542,"Saturday, March 16, 2024",Staff_5,Sequins,2499,Complete Bill,1303,1196,39,Scan &  Pay,,
633,2.543,"Saturday, March 16, 2024",Staff_5,Metal,714,Complete Bill,-684,1398,35,UPI Transfer,,
634,2.544,"Saturday, March 16, 2024",Staff_2,Metal,1652,Complete Bill,911,741,21,Cash,,
635,2.545,"Saturday, March 16, 2024",Staff_1,Silicon,2485,Complete Bill,1374,1112,22,Cash,,
636,2.546,"Saturday, March 16, 2024",Staff_2,Metal,861,Complete Bill,10,852,22,Scan &  Pay,,
637,2.547,"Saturday, March 16, 2024",Staff_5,Metal,1120,Complete Bill,-148,1268,48,Cash,,
638,2.548,"Saturday, March 16, 2024",Staff_4,Metal,3080,Running Bill,2398,683,16,UPI Transfer,,
639,2.549,"Saturday, March 16, 2024",Staff_3,Embroidery,497,Running Bill,-394,891,17,Scan &  Pay,,
640,2.55,"Sunday, March 17, 2024",Staff_2,Embroidery,462,Complete Bill,-240,702,17,UPI Transfer,,
641,2.551,"Sunday, March 17, 2024",Staff_5,Sequins,1988,Complete Bill,721,1268,34,UPI Transfer,,
642,2.552,"Sunday, March 17, 2024",Staff_5,Metal,2989,Complete Bill,1852,1138,42,Cash,,
643,2.553,"Sunday, March 17, 2024",Staff_2,Wool,378,Running Bill,-441,819,23,Scan &  Pay,,
644,2.554,"Sunday, March 17, 2024",Staff_4,Silicon,2849,Running Bill,2115,735,17,Scan &  Pay,,
645,2.555,"Monday, March 18, 2024",Staff_5,Embroidery,3381,Running Bill,2101,1281,37,Cash,,
646,2.556,"Monday, March 18, 2024",Staff_5,Wool,2177,Running Bill,923,1255,37,Scan &  Pay,,
647,2.557,"Monday, March 18, 2024",Staff_5,Embroidery,1428,Running Bill,83,1346,36,UPI Transfer,,
648,2.558,"Monday, March 18, 2024",Staff_5,Metal,1897,Complete Bill,701,1196,41,Scan &  Pay,,
649,2.559,"Monday, March 18, 2024",Staff_1,Metal,455,Running Bill,-787,1242,24,Cash,,
650,2.56,"Monday, March 18, 2024",Staff_3,Wool,1568,Running Bill,775,793,15,UPI Transfer,,
651,2.561,"Monday, March 18, 2024",Staff_1,Silicon,1701,Running Bill,739,962,21,Scan &  Pay,,
652,2.562,"Monday, March 18, 2024",Staff_4,Silicon,378,Running Bill,-415,793,14,UPI Transfer,,
653,2.563,"Monday, March 18, 2024",Staff_4,Embroidery,2247,Running Bill,1474,774,24,Cash,,
654,2.564,"Monday, March 18, 2024",Staff_4,Silicon,3255,Running Bill,2456,800,14,UPI Transfer,,
655,2.565,"Tuesday, March 19, 2024",Staff_5,Wool,749,Complete Bill,-584,1333,34,Scan &  Pay,,
656,2.566,"Tuesday, March 19, 2024",Staff_5,Sequins,1918,Running Bill,527,1391,37,Scan &  Pay,,
657,2.567,"Tuesday, March 19, 2024",Staff_2,Silicon,1785,Complete Bill,1155,631,18,Scan &  Pay,,
658,2.568,"Tuesday, March 19, 2024",Staff_2,Wool,588,Running Bill,-4,592,15,Scan &  Pay,,
659,2.569,"Tuesday, March 19, 2024",Staff_5,Metal,1246,Running Bill,-113,1359,37,Scan &  Pay,,
660,2.57,"Tuesday, March 19, 2024",Staff_1,Embroidery,3479,Running Bill,2485,995,24,Cash,,
661,2.571,"Tuesday, March 19, 2024",Staff_5,Silicon,1162,Complete Bill,-268,1430,42,Cash,,
662,2.572,"Tuesday, March 19, 2024",Staff_2,Wool,3199,Running Bill,2374,826,23,UPI Transfer,,
663,2.573,"Tuesday, March 19, 2024",Staff_2,Wool,539,Running Bill,-300,839,23,UPI Transfer,,
664,2.574,"Tuesday, March 19, 2024",Staff_4,Silicon,1008,Running Bill,287,722,15,UPI Transfer,,
665,2.575,"Tuesday, March 19, 2024",Staff_4,Silicon,2415,Running Bill,1765,650,15,UPI Transfer,,
666,2.576,"Tuesday, March 19, 2024",Staff_3,Wool,1708,Running Bill,766,943,17,Scan &  Pay,,
667,2.577,"Wednesday, March 20, 2024",Staff_1,Metal,2926,Complete Bill,1899,1027,15,Scan &  Pay,,
668,2.578,"Wednesday, March 20, 2024",Staff_5,Sequins,1785,Complete Bill,518,1268,41,Cash,,
669,2.579,"Wednesday, March 20, 2024",Staff_1,Embroidery,1127,Running Bill,42,1086,20,Cash,,
670,2.58,"Wednesday, March 20, 2024",Staff_1,Silicon,1435,Running Bill,350,1086,20,Cash,,
671,2.581,"Wednesday, March 20, 2024",Staff_5,Embroidery,1029,Complete Bill,-492,1521,42,Cash,,
672,2.582,"Wednesday, March 20, 2024",Staff_1,Wool,427,Running Bill,-672,1099,23,Cash,,
673,2.583,"Wednesday, March 20, 2024",Staff_1,Silicon,1729,Running Bill,592,1138,23,Scan &  Pay,,
674,2.584,"Wednesday, March 20, 2024",Staff_4,Wool,1897,Complete Bill,1208,689,19,Scan &  Pay,,
675,2.585,"Wednesday, March 20, 2024",Staff_4,Sequins,2912,Running Bill,2113,800,20,Scan &  Pay,,
676,2.586,"Wednesday, March 20, 2024",Staff_4,Silicon,2198,Running Bill,1457,741,16,UPI Transfer,,
677,2.587,"Thursday, March 21, 2024",Staff_5,Wool,1155,Complete Bill,-340,1495,32,UPI Transfer,,
678,2.588,"Thursday, March 21, 2024",Staff_2,Silicon,1176,Running Bill,533,644,16,Scan &  Pay,,
679,2.589,"Thursday, March 21, 2024",Staff_1,Embroidery,1267,Running Bill,214,1053,20,Cash,,
680,2.59,"Thursday, March 21, 2024",Staff_5,Sequins,1043,Complete Bill,-303,1346,38,UPI Transfer,,
681,2.591,"Thursday, March 21, 2024",Staff_2,Wool,1624,Running Bill,948,676,24,UPI Transfer,,
682,2.592,"Thursday, March 21, 2024",Staff_4,Sequins,560,Running Bill,-207,767,16,UPI Transfer,,
683,2.593,"Thursday, March 21, 2024",Staff_3,Silicon,889,Complete Bill,-15,904,18,Scan &  Pay,,
684,2.594,"Thursday, March 21, 2024",Staff_4,Embroidery,1015,Running Bill,268,748,24,Cash,,
685,2.595,"Friday, March 22, 2024",Staff_5,Sequins,945,Complete Bill,-271,1216,38,UPI Transfer,,
686,2.596,"Friday, March 22, 2024",Staff_1,Wool,3479,Running Bill,2426,1053,24,Cash,,
687,2.597,"Friday, March 22, 2024",Staff_4,Wool,1547,Running Bill,871,676,15,UPI Transfer,,
688,2.598,"Friday, March 22, 2024",Staff_3,Silicon,2716,Running Bill,1858,858,16,UPI Transfer,,
689,2.599,"Friday, March 22, 2024",Staff_4,Silicon,1463,Running Bill,735,728,23,Cash,,
690,2.6,"Saturday, March 23, 2024",Staff_1,Wool,2072,Complete Bill,915,1157,14,Cash,,
691,2.601,"Saturday, March 23, 2024",Staff_5,Metal,3031,Advance Bill,1803,1229,34,Scan &  Pay,,1000
692,2.602,"Saturday, March 23, 2024",Staff_5,Sequins,2198,Complete Bill,846,1352,35,Scan &  Pay,,
693,2.603,"Saturday, March 23, 2024",Staff_5,Wool,1897,Running Bill,649,1248,37,Scan &  Pay,,
694,2.604,"Saturday, March 23, 2024",Staff_2,Sequins,497,Running Bill,-348,845,24,Scan &  Pay,,
695,2.605,"Saturday, March 23, 2024",Staff_3,Metal,2695,Running Bill,1941,754,17,Scan &  Pay,,
696,2.606,"Saturday, March 23, 2024",Staff_3,Silicon,1449,Running Bill,585,865,20,Scan &  Pay,,
697,2.607,"Saturday, March 23, 2024",Staff_4,Sequins,2212,Running Bill,1517,696,14,UPI Transfer,,
698,2.608,"Saturday, March 23, 2024",Staff_3,Wool,2198,Running Bill,1321,878,20,Scan &  Pay,,
699,2.609,"Sunday, March 24, 2024",Staff_1,Wool,3332,Running Bill,2266,1066,20,Cash,,
700,2.61,"Sunday, March 24, 2024",Staff_2,Sequins,2625,Running Bill,1871,754,20,Scan &  Pay,,
701,2.611,"Sunday, March 24, 2024",Staff_2,Wool,602,Complete Bill,-217,819,21,Cash,,
702,2.612,"Sunday, March 24, 2024",Staff_5,Embroidery,2268,Complete Bill,877,1391,44,Cash,,
703,2.613,"Sunday, March 24, 2024",Staff_2,Sequins,1274,Running Bill,488,787,24,Scan &  Pay,,
704,2.614,"Sunday, March 24, 2024",Staff_3,Metal,1057,Running Bill,219,839,16,UPI Transfer,,
705,2.615,"Sunday, March 24, 2024",Staff_3,Metal,2877,Complete Bill,2026,852,18,Scan &  Pay,,
706,2.616,"Sunday, March 24, 2024",Staff_4,Sequins,714,Complete Bill,-21,735,19,Scan &  Pay,,
707,2.617,"Sunday, March 24, 2024",Staff_4,Embroidery,1932,Running Bill,1146,787,24,Cash,,
708,2.618,"Monday, March 25, 2024",Staff_5,Embroidery,1981,Complete Bill,558,1424,39,Cash,,
709,2.619,"Monday, March 25, 2024",Staff_2,Metal,2576,Complete Bill,1770,806,19,Cash,,
710,2.62,"Monday, March 25, 2024",Staff_5,Metal,3360,Complete Bill,2028,1333,42,Scan &  Pay,,
711,2.621,"Monday, March 25, 2024",Staff_5,Wool,2352,Complete Bill,1130,1222,47,Cash,,
712,2.622,"Monday, March 25, 2024",Staff_4,Wool,2429,Running Bill,1682,748,20,Scan &  Pay,,
713,2.623,"Monday, March 25, 2024",Staff_3,Sequins,2205,Running Bill,1321,884,14,UPI Transfer,,
714,2.624,"Monday, March 25, 2024",Staff_3,Embroidery,798,Running Bill,-60,858,15,UPI Transfer,,
715,2.625,"Tuesday, March 26, 2024",Staff_1,Sequins,3059,Complete Bill,1967,1092,14,Scan &  Pay,,
716,2.626,"Tuesday, March 26, 2024",Staff_2,Wool,392,Complete Bill,-460,852,19,Cash,,
717,2.627,"Tuesday, March 26, 2024",Staff_2,Wool,1463,Complete Bill,657,806,19,Cash,,
718,2.628,"Tuesday, March 26, 2024",Staff_1,Wool,2219,Running Bill,1212,1008,20,Scan &  Pay,,
719,2.629,"Tuesday, March 26, 2024",Staff_1,Metal,1953,Running Bill,881,1073,21,Cash,,
720,2.63,"Tuesday, March 26, 2024",Staff_4,Silicon,637,Complete Bill,-20,657,21,Cash,,
721,2.631,"Tuesday, March 26, 2024",Staff_1,Embroidery,959,Complete Bill,-205,1164,22,UPI Transfer,,
722,2.632,"Tuesday, March 26, 2024",Staff_2,Sequins,1925,Complete Bill,1035,891,22,UPI Transfer,,
723,2.633,"Tuesday, March 26, 2024",Staff_1,Silicon,763,Running Bill,-160,923,23,UPI Transfer,,
724,2.634,"Tuesday, March 26, 2024",Staff_5,Embroidery,2590,Advance Bill,1043,1547,43,Scan &  Pay,,2000
725,2.635,"Tuesday, March 26, 2024",Staff_1,Sequins,2842,Running Bill,1763,1079,24,Cash,,
726,2.636,"Tuesday, March 26, 2024",Staff_3,Embroidery,665,Complete Bill,-154,819,22,Cash,,
727,2.637,"Tuesday, March 26, 2024",Staff_3,Metal,1351,Running Bill,467,884,20,Scan &  Pay,,
728,2.638,"Wednesday, March 27, 2024",Staff_2,Embroidery,1841,Running Bill,1120,722,15,Cash,,
729,2.639,"Wednesday, March 27, 2024",Staff_1,Embroidery,1085,Running Bill,6,1079,17,Cash,,
730,2.64,"Wednesday, March 27, 2024",Staff_5,Wool,1848,Running Bill,405,1443,40,Cash,,
731,2.641,"Wednesday, March 27, 2024",Staff_5,Embroidery,1463,Complete Bill,150,1313,41,Scan &  Pay,,
732,2.642,"Thursday, March 28, 2024",Staff_1,Metal,1799,Running Bill,733,1066,15,Cash,,
733,2.643,"Thursday, March 28, 2024",Staff_2,Metal,3269,Running Bill,2535,735,16,Scan &  Pay,,
734,2.644,"Thursday, March 28, 2024",Staff_5,Wool,2576,Complete Bill,1179,1398,32,UPI Transfer,,
735,2.645,"Thursday, March 28, 2024",Staff_5,Metal,364,Complete Bill,-982,1346,43,Cash,,
736,2.646,"Thursday, March 28, 2024",Staff_2,Embroidery,1316,Complete Bill,471,845,21,Cash,,
737,2.647,"Thursday, March 28, 2024",Staff_1,Metal,2961,Running Bill,1811,1151,23,Cash,,
738,2.648,"Thursday, March 28, 2024",Staff_4,Wool,3409,Complete Bill,2681,728,22,Cash,,
739,2.649,"Thursday, March 28, 2024",Staff_3,Wool,3073,Complete Bill,2326,748,19,Scan &  Pay,,
740,2.65,"Thursday, March 28, 2024",Staff_3,Silicon,2541,Complete Bill,1735,806,19,Scan &  Pay,,
741,2.651,"Friday, March 29, 2024",Staff_5,Wool,1890,Due Bill,584,1307,32,Scan &  Pay,390,
742,2.652,"Friday, March 29, 2024",Staff_5,Embroidery,371,Advance Bill,-864,1235,34,Scan &  Pay,,100
743,2.653,"Friday, March 29, 2024",Staff_5,Embroidery,560,Due Bill,-760,1320,36,Scan &  Pay,160,
744,2.654,"Friday, March 29, 2024",Staff_5,Wool,2905,Running Bill,1540,1365,40,Cash,,
745,2.655,"Friday, March 29, 2024",Staff_1,Metal,2688,Running Bill,1642,1047,20,Cash,,
746,2.656,"Friday, March 29, 2024",Staff_1,Embroidery,1540,Running Bill,611,930,17,Cash,,
747,2.657,"Friday, March 29, 2024",Staff_1,Embroidery,2303,Running Bill,1231,1073,24,UPI Transfer,,
748,2.658,"Friday, March 29, 2024",Staff_3,Embroidery,3052,Running Bill,2292,761,14,UPI Transfer,,
749,2.659,"Friday, March 29, 2024",Staff_4,Metal,3234,Running Bill,2519,715,20,Scan &  Pay,,
750,2.66,"Friday, March 29, 2024",Staff_4,Silicon,518,Running Bill,-243,761,15,UPI Transfer,,
751,2.661,"Saturday, March 30, 2024",Staff_1,Metal,1155,Running Bill,128,1027,20,Scan &  Pay,,
752,2.662,"Saturday, March 30, 2024",Staff_1,Embroidery,2744,Running Bill,1535,1209,20,Cash,,
753,2.663,"Saturday, March 30, 2024",Staff_5,Sequins,2471,Running Bill,1080,1391,40,Cash,,
754,2.664,"Saturday, March 30, 2024",Staff_5,Sequins,2597,Complete Bill,1453,1144,40,Scan &  Pay,,
755,2.665,"Saturday, March 30, 2024",Staff_1,Metal,3353,Running Bill,2196,1157,23,Scan &  Pay,,
756,2.666,"Saturday, March 30, 2024",Staff_2,Metal,1778,Running Bill,862,917,23,Scan &  Pay,,
757,2.667,"Saturday, March 30, 2024",Staff_1,Wool,1624,Running Bill,604,1021,24,Cash,,
758,2.668,"Saturday, March 30, 2024",Staff_4,Silicon,1001,Complete Bill,273,728,18,Scan &  Pay,,
759,2.669,"Saturday, March 30, 2024",Staff_4,Metal,1778,Running Bill,1050,728,17,Scan &  Pay,,
760,2.67,"Sunday, March 31, 2024",Staff_5,Metal,1757,Running Bill,594,1164,37,Cash,,
761,2.671,"Sunday, March 31, 2024",Staff_1,Embroidery,1918,Running Bill,696,1222,16,UPI Transfer,,
762,2.672,"Sunday, March 31, 2024",Staff_2,Metal,1694,Running Bill,934,761,17,Cash,,
763,2.673,"Sunday, March 31, 2024",Staff_5,Embroidery,1001,Complete Bill,-221,1222,33,UPI Transfer,,
764,2.674,"Sunday, March 31, 2024",Staff_2,Embroidery,742,Running Bill,86,657,23,Scan &  Pay,,
765,2.675,"Sunday, March 31, 2024",Staff_4,Embroidery,1519,Complete Bill,700,819,19,Scan &  Pay,,
766,2.676,"Monday, April 1, 2024",Staff_2,Sequins,2023,Running Bill,1367,657,15,Scan &  Pay,,
767,2.677,"Monday, April 1, 2024",Staff_5,Metal,1918,Complete Bill,560,1359,34,Scan &  Pay,,
768,2.678,"Monday, April 1, 2024",Staff_5,Embroidery,3031,Complete Bill,1679,1352,36,Scan &  Pay,,
769,2.679,"Monday, April 1, 2024",Staff_5,Silicon,1799,Complete Bill,519,1281,45,Cash,,
770,2.68,"Monday, April 1, 2024",Staff_4,Silicon,1715,Running Bill,1052,663,16,UPI Transfer,,
771,2.681,"Monday, April 1, 2024",Staff_3,Metal,903,Running Bill,136,767,16,UPI Transfer,,
772,2.682,"Monday, April 1, 2024",Staff_4,Embroidery,1862,Running Bill,1063,800,16,UPI Transfer,,
773,2.683,"Monday, April 1, 2024",Staff_3,Metal,546,Running Bill,-286,832,23,Cash,,
774,2.684,"Monday, April 1, 2024",Staff_4,Sequins,3136,Running Bill,2428,709,15,UPI Transfer,,
775,2.685,"Monday, April 1, 2024",Staff_4,Wool,1694,Running Bill,921,774,24,Cash,,
776,2.686,"Monday, April 1, 2024",Staff_4,Silicon,756,Running Bill,-50,806,20,Scan &  Pay,,
777,2.687,"Monday, April 1, 2024",Staff_3,Silicon,1680,Running Bill,744,936,24,Cash,,
778,2.688,"Tuesday, April 2, 2024",Staff_1,Embroidery,2072,Running Bill,993,1079,17,UPI Transfer,,
779,2.689,"Tuesday, April 2, 2024",Staff_5,Embroidery,2359,Complete Bill,1085,1274,42,Cash,,
780,2.69,"Tuesday, April 2, 2024",Staff_2,Embroidery,1722,Running Bill,936,787,24,Cash,,
781,2.691,"Tuesday, April 2, 2024",Staff_4,Sequins,1120,Running Bill,412,709,20,Scan &  Pay,,
782,2.692,"Tuesday, April 2, 2024",Staff_4,Metal,931,Running Bill,268,663,16,UPI Transfer,,
783,2.693,"Tuesday, April 2, 2024",Staff_3,Metal,3073,Complete Bill,2267,806,18,Scan &  Pay,,
784,2.694,"Tuesday, April 2, 2024",Staff_1,Embroidery,1526,Running Bill,363,1164,21,Scan &  Pay,,
785,2.695,"Tuesday, April 2, 2024",Staff_3,Embroidery,1848,Complete Bill,990,858,19,Scan &  Pay,,
786,2.696,"Tuesday, April 2, 2024",Staff_4,Embroidery,637,Complete Bill,-130,767,19,Scan &  Pay,,
787,2.697,"Tuesday, April 2, 2024",Staff_3,Embroidery,2177,Complete Bill,1280,897,22,Cash,,
788,2.698,"Wednesday, April 3, 2024",Staff_5,Metal,3458,Due Bill,2217,1242,32,UPI Transfer,1458,
789,2.699,"Wednesday, April 3, 2024",Staff_2,Wool,1778,Complete Bill,1057,722,18,UPI Transfer,,
790,2.7,"Wednesday, April 3, 2024",Staff_2,Sequins,1463,Running Bill,742,722,23,Scan &  Pay,,
791,2.701,"Wednesday, April 3, 2024",Staff_5,Wool,630,Complete Bill,-657,1287,39,UPI Transfer,,
792,2.702,"Wednesday, April 3, 2024",Staff_2,Wool,1092,Running Bill,280,813,24,UPI Transfer,,
793,2.703,"Wednesday, April 3, 2024",Staff_1,Sequins,357,Running Bill,-742,1099,21,Scan &  Pay,,
794,2.704,"Wednesday, April 3, 2024",Staff_4,Wool,3283,Running Bill,2458,826,24,Cash,,
795,2.705,"Wednesday, April 3, 2024",Staff_4,Metal,2996,Complete Bill,2216,780,19,Scan &  Pay,,
796,2.706,"Wednesday, April 3, 2024",Staff_3,Wool,595,Complete Bill,-276,871,19,Scan &  Pay,,
797,2.707,"Thursday, April 4, 2024",Staff_1,Wool,2093,Complete Bill,1014,1079,15,Scan &  Pay,,
798,2.708,"Thursday, April 4, 2024",Staff_2,Wool,3486,Running Bill,2687,800,24,UPI Transfer,,
799,2.709,"Thursday, April 4, 2024",Staff_2,Embroidery,2331,Running Bill,1610,722,24,Scan &  Pay,,
800,2.71,"Thursday, April 4, 2024",Staff_4,Silicon,3500,Running Bill,2824,676,15,UPI Transfer,,
801,2.711,"Thursday, April 4, 2024",Staff_4,Wool,3178,Complete Bill,2457,722,21,Cash,,
802,2.712,"Thursday, April 4, 2024",Staff_3,Embroidery,973,Running Bill,37,936,14,UPI Transfer,,
803,2.713,"Thursday, April 4, 2024",Staff_4,Wool,3332,Running Bill,2572,761,17,Scan &  Pay,,
804,2.714,"Friday, April 5, 2024",Staff_5,Embroidery,2261,Complete Bill,974,1287,35,Scan &  Pay,,
805,2.715,"Friday, April 5, 2024",Staff_2,Wool,1337,Running Bill,616,722,16,Cash,,
806,2.716,"Friday, April 5, 2024",Staff_5,Sequins,1197,Running Bill,-58,1255,40,Cash,,
807,2.717,"Friday, April 5, 2024",Staff_5,Silicon,574,Running Bill,-746,1320,37,Scan &  Pay,,
808,2.718,"Friday, April 5, 2024",Staff_4,Sequins,1162,Running Bill,532,631,16,UPI Transfer,,
809,2.719,"Friday, April 5, 2024",Staff_4,Embroidery,2072,Running Bill,1364,709,14,UPI Transfer,,
810,2.72,"Friday, April 5, 2024",Staff_4,Wool,679,Running Bill,3,676,24,Cash,,
811,2.721,"Friday, April 5, 2024",Staff_4,Wool,2170,Running Bill,1410,761,15,UPI Transfer,,
812,2.722,"Friday, April 5, 2024",Staff_3,Embroidery,1631,Running Bill,721,910,20,Scan &  Pay,,
813,2.723,"Saturday, April 6, 2024",Staff_5,Sequins,2730,Advance Bill,1339,1391,33,Scan &  Pay,,2000
814,2.724,"Saturday, April 6, 2024",Staff_2,Wool,2044,Running Bill,1362,683,16,Scan &  Pay,,
815,2.725,"Saturday, April 6, 2024",Staff_1,Embroidery,2954,Complete Bill,1895,1060,18,UPI Transfer,,
816,2.726,"Saturday, April 6, 2024",Staff_2,Silicon,2408,Complete Bill,1602,806,19,Cash,,
817,2.727,"Saturday, April 6, 2024",Staff_5,Metal,1358,Complete Bill,136,1222,39,Scan &  Pay,,
818,2.728,"Saturday, April 6, 2024",Staff_5,Embroidery,1043,Complete Bill,-446,1489,42,Cash,,
819,2.729,"Saturday, April 6, 2024",Staff_1,Sequins,2737,Running Bill,1658,1079,24,UPI Transfer,,
820,2.73,"Saturday, April 6, 2024",Staff_4,Sequins,476,Complete Bill,-259,735,22,Cash,,
821,2.731,"Saturday, April 6, 2024",Staff_1,Wool,2023,Running Bill,918,1105,21,Scan &  Pay,,
822,2.732,"Saturday, April 6, 2024",Staff_2,Sequins,3381,Complete Bill,2556,826,21,Scan &  Pay,,
823,2.733,"Saturday, April 6, 2024",Staff_3,Silicon,1561,Running Bill,619,943,20,Scan &  Pay,,
824,2.734,"Saturday, April 6, 2024",Staff_4,Sequins,3052,Running Bill,2253,800,24,Cash,,
825,2.735,"Sunday, April 7, 2024",Staff_1,Silicon,2534,Running Bill,1572,962,16,UPI Transfer,,
826,2.736,"Sunday, April 7, 2024",Staff_1,Sequins,1435,Complete Bill,428,1008,18,Scan &  Pay,,
827,2.737,"Sunday, April 7, 2024",Staff_1,Metal,2408,Complete Bill,1284,1125,18,Scan &  Pay,,
828,2.738,"Sunday, April 7, 2024",Staff_1,Embroidery,3150,Running Bill,2195,956,14,Scan &  Pay,,
829,2.739,"Sunday, April 7, 2024",Staff_1,Metal,1323,Running Bill,205,1118,14,Cash,,
830,2.74,"Sunday, April 7, 2024",Staff_2,Sequins,1036,Running Bill,406,631,16,UPI Transfer,,
831,2.741,"Sunday, April 7, 2024",Staff_2,Metal,1855,Complete Bill,1108,748,22,Cash,,
832,2.742,"Sunday, April 7, 2024",Staff_1,Wool,875,Running Bill,-263,1138,23,Cash,,
833,2.743,"Sunday, April 7, 2024",Staff_4,Sequins,2317,Running Bill,1641,676,14,UPI Transfer,,
834,2.744,"Sunday, April 7, 2024",Staff_3,Embroidery,3059,Complete Bill,2149,910,18,Scan &  Pay,,
835,2.745,"Monday, April 8, 2024",Staff_5,Wool,1645,Complete Bill,371,1274,32,UPI Transfer,,
836,2.746,"Monday, April 8, 2024",Staff_2,Sequins,2184,Running Bill,1372,813,16,Scan &  Pay,,
837,2.747,"Monday, April 8, 2024",Staff_1,Wool,469,Advance Bill,-675,1144,19,Cash,,200
838,2.748,"Monday, April 8, 2024",Staff_5,Silicon,1624,Complete Bill,331,1294,34,UPI Transfer,,
839,2.749,"Monday, April 8, 2024",Staff_3,Sequins,469,Complete Bill,-415,884,22,Cash,,
840,2.75,"Monday, April 8, 2024",Staff_4,Metal,2548,Running Bill,1755,793,24,Cash,,
841,2.751,"Monday, April 8, 2024",Staff_4,Silicon,3479,Running Bill,2706,774,24,Cash,,
842,2.752,"Monday, April 8, 2024",Staff_4,Wool,2317,Complete Bill,1576,741,18,Scan &  Pay,,
843,2.753,"Monday, April 8, 2024",Staff_3,Sequins,1372,Running Bill,417,956,24,Cash,,
844,2.754,"Monday, April 8, 2024",Staff_3,Silicon,2688,Complete Bill,1726,962,23,Cash,,
845,2.755,"Tuesday, April 9, 2024",Staff_1,Metal,2947,Complete Bill,1862,1086,15,Cash,,
846,2.756,"Tuesday, April 9, 2024",Staff_5,Metal,777,Complete Bill,-595,1372,41,Cash,,
847,2.757,"Tuesday, April 9, 2024",Staff_3,Wool,1939,Running Bill,1107,832,15,UPI Transfer,,
848,2.758,"Tuesday, April 9, 2024",Staff_3,Wool,910,Running Bill,104,806,15,UPI Transfer,,
849,2.759,"Tuesday, April 9, 2024",Staff_3,Sequins,2856,Running Bill,1953,904,17,Scan &  Pay,,
850,2.76,"Tuesday, April 9, 2024",Staff_4,Wool,1309,Complete Bill,497,813,22,Cash,,
851,2.761,"Wednesday, April 10, 2024",Staff_5,Silicon,3423,Complete Bill,2214,1209,28,UPI Transfer,,
852,2.762,"Wednesday, April 10, 2024",Staff_2,Silicon,2408,Running Bill,1661,748,16,Cash,,
853,2.763,"Wednesday, April 10, 2024",Staff_1,Embroidery,1519,Running Bill,531,988,17,Cash,,
854,2.764,"Wednesday, April 10, 2024",Staff_5,Embroidery,2366,Complete Bill,884,1482,41,Cash,,
855,2.765,"Wednesday, April 10, 2024",Staff_2,Wool,2709,Running Bill,2059,650,24,Cash,,
856,2.766,"Wednesday, April 10, 2024",Staff_4,Embroidery,511,Complete Bill,-120,631,18,Scan &  Pay,,
857,2.767,"Wednesday, April 10, 2024",Staff_4,Wool,2828,Running Bill,2061,767,14,UPI Transfer,,
858,2.768,"Wednesday, April 10, 2024",Staff_3,Sequins,1071,Running Bill,109,962,20,Scan &  Pay,,
859,2.769,"Wednesday, April 10, 2024",Staff_3,Embroidery,3003,Complete Bill,2100,904,23,Cash,,
860,2.77,"Thursday, April 11, 2024",Staff_1,Metal,931,Complete Bill,21,910,19,UPI Transfer,,
861,2.771,"Thursday, April 11, 2024",Staff_3,Silicon,2436,Complete Bill,1468,969,19,Scan &  Pay,,
862,2.772,"Thursday, April 11, 2024",Staff_3,Embroidery,595,Running Bill,-172,767,20,Scan &  Pay,,
863,2.773,"Thursday, April 11, 2024",Staff_4,Silicon,980,Running Bill,317,663,15,UPI Transfer,,
864,2.774,"Thursday, April 11, 2024",Staff_3,Sequins,1204,Running Bill,359,845,24,Cash,,
865,2.775,"Friday, April 12, 2024",Staff_2,Metal,973,Complete Bill,297,676,15,UPI Transfer,,
866,2.776,"Friday, April 12, 2024",Staff_2,Metal,1078,Complete Bill,383,696,19,UPI Transfer,,
867,2.777,"Friday, April 12, 2024",Staff_2,Embroidery,1253,Running Bill,473,780,20,Cash,,
868,2.778,"Friday, April 12, 2024",Staff_2,Wool,1323,Running Bill,517,806,23,UPI Transfer,,
869,2.779,"Friday, April 12, 2024",Staff_3,Sequins,1162,Running Bill,278,884,23,Cash,,
870,2.78,"Friday, April 12, 2024",Staff_1,Wool,3444,Running Bill,2242,1203,21,UPI Transfer,,
871,2.781,"Friday, April 12, 2024",Staff_3,Wool,2933,Running Bill,2108,826,15,UPI Transfer,,
872,2.782,"Saturday, April 13, 2024",Staff_2,Embroidery,749,Running Bill,34,715,15,Scan &  Pay,,
873,2.783,"Saturday, April 13, 2024",Staff_5,Embroidery,1603,Complete Bill,381,1222,32,UPI Transfer,,
874,2.784,"Saturday, April 13, 2024",Staff_2,Silicon,2597,Complete Bill,1817,780,19,Cash,,
875,2.785,"Saturday, April 13, 2024",Staff_5,Metal,1701,Complete Bill,414,1287,39,Scan &  Pay,,
876,2.786,"Saturday, April 13, 2024",Staff_2,Sequins,546,Complete Bill,-189,735,22,UPI Transfer,,
877,2.787,"Saturday, April 13, 2024",Staff_2,Sequins,1414,Running Bill,810,605,14,Cash,,
878,2.788,"Saturday, April 13, 2024",Staff_2,Silicon,1960,Running Bill,1206,754,23,UPI Transfer,,
879,2.789,"Saturday, April 13, 2024",Staff_3,Metal,3297,Running Bill,2420,878,24,Cash,,
880,2.79,"Sunday, April 14, 2024",Staff_2,Sequins,1155,Running Bill,440,715,14,Scan &  Pay,,
881,2.791,"Sunday, April 14, 2024",Staff_1,Metal,847,Complete Bill,-180,1027,15,Scan &  Pay,,
882,2.792,"Sunday, April 14, 2024",Staff_5,Embroidery,2163,Complete Bill,883,1281,31,UPI Transfer,,
883,2.793,"Sunday, April 14, 2024",Staff_2,Embroidery,3262,Running Bill,2424,839,17,UPI Transfer,,
884,2.794,"Sunday, April 14, 2024",Staff_1,Sequins,1981,Complete Bill,844,1138,18,Scan &  Pay,,
885,2.795,"Sunday, April 14, 2024",Staff_5,Silicon,3024,Due Bill,1555,1469,36,Scan &  Pay,1524,
886,2.796,"Sunday, April 14, 2024",Staff_2,Wool,1015,Running Bill,190,826,20,Cash,,
887,2.797,"Sunday, April 14, 2024",Staff_1,Metal,3038,Running Bill,1959,1079,17,Scan &  Pay,,
888,2.798,"Sunday, April 14, 2024",Staff_1,Wool,3059,Running Bill,2000,1060,24,UPI Transfer,,
889,2.799,"Sunday, April 14, 2024",Staff_3,Wool,427,Running Bill,-431,858,15,UPI Transfer,,
890,2.8,"Sunday, April 14, 2024",Staff_4,Metal,2212,Running Bill,1517,696,16,UPI Transfer,,
891,2.801,"Monday, April 15, 2024",Staff_1,Embroidery,777,Complete Bill,-315,1092,17,Scan &  Pay,,
892,2.802,"Monday, April 15, 2024",Staff_1,Wool,1526,Running Bill,551,975,23,Scan &  Pay,,
893,2.803,"Monday, April 15, 2024",Staff_2,Sequins,2331,Running Bill,1623,709,15,Scan &  Pay,,
894,2.804,"Monday, April 15, 2024",Staff_4,Metal,1589,Running Bill,913,676,20,Scan &  Pay,,
895,2.805,"Monday, April 15, 2024",Staff_3,Sequins,1883,Running Bill,1071,813,24,Cash,,
896,2.806,"Monday, April 15, 2024",Staff_3,Silicon,2919,Running Bill,2061,858,24,Cash,,
897,2.807,"Monday, April 15, 2024",Staff_3,Embroidery,609,Complete Bill,-256,865,18,Scan &  Pay,,
898,2.808,"Tuesday, April 16, 2024",Staff_1,Silicon,2016,Complete Bill,944,1073,14,UPI Transfer,,
899,2.809,"Tuesday, April 16, 2024",Staff_1,Embroidery,2835,Complete Bill,1782,1053,14,UPI Transfer,,
900,2.81,"Tuesday, April 16, 2024",Staff_1,Metal,1239,Complete Bill,284,956,18,UPI Transfer,,
901,2.811,"Tuesday, April 16, 2024",Staff_1,Silicon,3087,Complete Bill,2002,1086,19,Cash,,
902,2.812,"Tuesday, April 16, 2024",Staff_1,Silicon,1540,Running Bill,494,1047,20,Cash,,
903,2.813,"Tuesday, April 16, 2024",Staff_4,Embroidery,1897,Complete Bill,1111,787,21,Cash,,
904,2.814,"Tuesday, April 16, 2024",Staff_5,Silicon,3332,Complete Bill,2006,1326,42,Scan &  Pay,,
905,2.815,"Tuesday, April 16, 2024",Staff_1,Wool,2002,Running Bill,878,1125,20,Cash,,
906,2.816,"Tuesday, April 16, 2024",Staff_4,Silicon,441,Complete Bill,-313,754,18,Scan &  Pay,,
907,2.817,"Tuesday, April 16, 2024",Staff_3,Embroidery,2331,Complete Bill,1428,904,22,Cash,,
908,2.818,"Wednesday, April 17, 2024",Staff_5,Metal,2856,Complete Bill,1576,1281,28,UPI Transfer,,
909,2.819,"Wednesday, April 17, 2024",Staff_2,Metal,2863,Running Bill,2200,663,14,UPI Transfer,,
910,2.82,"Wednesday, April 17, 2024",Staff_5,Embroidery,2296,Complete Bill,899,1398,42,Cash,,
911,2.821,"Wednesday, April 17, 2024",Staff_5,Sequins,2380,Complete Bill,989,1391,39,UPI Transfer,,
912,2.822,"Wednesday, April 17, 2024",Staff_3,Sequins,1477,Running Bill,613,865,14,UPI Transfer,,
913,2.823,"Wednesday, April 17, 2024",Staff_4,Sequins,518,Complete Bill,-249,767,19,Scan &  Pay,,
914,2.824,"Wednesday, April 17, 2024",Staff_3,Wool,1183,Complete Bill,299,884,19,Scan &  Pay,,
915,2.825,"Thursday, April 18, 2024",Staff_5,Sequins,2905,Advance Bill,1657,1248,34,Scan &  Pay,,1000
916,2.826,"Thursday, April 18, 2024",Staff_1,Metal,2604,Running Bill,1480,1125,21,Cash,,
917,2.827,"Thursday, April 18, 2024",Staff_1,Wool,1365,Complete Bill,247,1118,22,Scan &  Pay,,
918,2.828,"Thursday, April 18, 2024",Staff_1,Silicon,1036,Complete Bill,-121,1157,22,UPI Transfer,,
919,2.829,"Thursday, April 18, 2024",Staff_1,Silicon,1057,Running Bill,11,1047,24,Scan &  Pay,,
920,2.83,"Thursday, April 18, 2024",Staff_2,Sequins,2898,Running Bill,2183,715,20,Scan &  Pay,,
921,2.831,"Thursday, April 18, 2024",Staff_4,Wool,3024,Complete Bill,2316,709,19,Scan &  Pay,,
922,2.832,"Thursday, April 18, 2024",Staff_4,Metal,1974,Running Bill,1253,722,14,UPI Transfer,,
923,2.833,"Thursday, April 18, 2024",Staff_3,Wool,931,Due Bill,21,910,23,Cash,431,
924,2.834,"Thursday, April 18, 2024",Staff_4,Embroidery,616,Running Bill,-125,741,20,Scan &  Pay,,
925,2.835,"Thursday, April 18, 2024",Staff_3,Wool,2261,Complete Bill,1325,936,22,Cash,,
926,2.836,"Thursday, April 18, 2024",Staff_4,Wool,3038,Due Bill,2226,813,23,Cash,538,
927,2.837,"Friday, April 19, 2024",Staff_1,Wool,3423,Complete Bill,2416,1008,14,UPI Transfer,,
928,2.838,"Friday, April 19, 2024",Staff_5,Sequins,1274,Running Bill,-195,1469,40,Cash,,
929,2.839,"Friday, April 19, 2024",Staff_4,Wool,3108,Complete Bill,2400,709,21,Cash,,
930,2.84,"Friday, April 19, 2024",Staff_2,Embroidery,1316,Running Bill,445,871,23,Cash,,
931,2.841,"Friday, April 19, 2024",Staff_3,Silicon,2100,Running Bill,1346,754,16,UPI Transfer,,
932,2.842,"Friday, April 19, 2024",Staff_4,Wool,1036,Running Bill,198,839,20,Scan &  Pay,,
933,2.843,"Friday, April 19, 2024",Staff_4,Metal,3136,Due Bill,2304,832,23,Cash,1136,
934,2.844,"Saturday, April 20, 2024",Staff_1,Metal,2709,Running Bill,1591,1118,16,Scan &  Pay,,
935,2.845,"Saturday, April 20, 2024",Staff_1,Sequins,2954,Complete Bill,1778,1177,18,UPI Transfer,,
936,2.846,"Saturday, April 20, 2024",Staff_2,Metal,399,Complete Bill,-251,650,18,UPI Transfer,,
937,2.847,"Saturday, April 20, 2024",Staff_3,Wool,2261,Complete Bill,1384,878,21,Cash,,
938,2.848,"Saturday, April 20, 2024",Staff_1,Silicon,2023,Running Bill,899,1125,21,Cash,,
939,2.849,"Saturday, April 20, 2024",Staff_1,Sequins,2807,Running Bill,1787,1021,16,Cash,,
940,2.85,"Saturday, April 20, 2024",Staff_3,Silicon,2191,Running Bill,1405,787,14,UPI Transfer,,
941,2.851,"Saturday, April 20, 2024",Staff_4,Wool,1596,Running Bill,875,722,17,Scan &  Pay,,
942,2.852,"Saturday, April 20, 2024",Staff_3,Wool,3010,Running Bill,2159,852,20,Scan &  Pay,,
943,2.853,"Sunday, April 21, 2024",Staff_5,Sequins,1715,Complete Bill,630,1086,35,Cash,,
944,2.854,"Sunday, April 21, 2024",Staff_2,Silicon,1729,Running Bill,943,787,16,Scan &  Pay,,
945,2.855,"Sunday, April 21, 2024",Staff_2,Metal,651,Complete Bill,86,566,17,Scan &  Pay,,
946,2.856,"Sunday, April 21, 2024",Staff_2,Embroidery,3115,Complete Bill,2387,728,19,Cash,,
947,2.857,"Sunday, April 21, 2024",Staff_4,Embroidery,2947,Complete Bill,2154,793,21,Cash,,
948,2.858,"Sunday, April 21, 2024",Staff_1,Silicon,959,Complete Bill,-127,1086,22,UPI Transfer,,
949,2.859,"Sunday, April 21, 2024",Staff_3,Embroidery,3185,Running Bill,2431,754,24,Cash,,
950,2.86,"Sunday, April 21, 2024",Staff_3,Embroidery,889,Complete Bill,-80,969,22,Cash,,
951,2.861,"Sunday, April 21, 2024",Staff_3,Embroidery,2744,Running Bill,1873,871,15,UPI Transfer,,
952,2.862,"Monday, April 22, 2024",Staff_2,Silicon,1414,Running Bill,673,741,14,Cash,,
953,2.863,"Monday, April 22, 2024",Staff_1,Metal,3010,Running Bill,1983,1027,16,Scan &  Pay,,
954,2.864,"Monday, April 22, 2024",Staff_1,Embroidery,2590,Complete Bill,1589,1001,17,Cash,,
955,2.865,"Monday, April 22, 2024",Staff_5,Metal,728,Complete Bill,-631,1359,44,Cash,,
956,2.866,"Monday, April 22, 2024",Staff_5,Metal,1687,Advance Bill,355,1333,43,Scan &  Pay,,1000
957,2.867,"Monday, April 22, 2024",Staff_2,Embroidery,2926,Running Bill,2036,891,23,Scan &  Pay,,
958,2.868,"Monday, April 22, 2024",Staff_5,Metal,2485,Complete Bill,1133,1352,40,Scan &  Pay,,
959,2.869,"Tuesday, April 23, 2024",Staff_1,Metal,3010,Complete Bill,2003,1008,14,Cash,,
960,2.87,"Tuesday, April 23, 2024",Staff_1,Metal,1148,Complete Bill,95,1053,15,Scan &  Pay,,
961,2.871,"Tuesday, April 23, 2024",Staff_5,Embroidery,2940,Complete Bill,1445,1495,42,Cash,,
962,2.872,"Tuesday, April 23, 2024",Staff_4,Wool,1631,Running Bill,949,683,15,UPI Transfer,,
963,2.873,"Tuesday, April 23, 2024",Staff_3,Metal,1057,Complete Bill,121,936,18,Scan &  Pay,,
964,2.874,"Wednesday, April 24, 2024",Staff_5,Embroidery,1848,Complete Bill,438,1411,39,Cash,,
965,2.875,"Wednesday, April 24, 2024",Staff_2,Embroidery,371,Complete Bill,-318,689,19,Cash,,
966,2.876,"Wednesday, April 24, 2024",Staff_1,Wool,2009,Running Bill,1034,975,20,Cash,,
967,2.877,"Wednesday, April 24, 2024",Staff_5,Silicon,777,Complete Bill,-569,1346,46,Cash,,
968,2.878,"Wednesday, April 24, 2024",Staff_1,Metal,2226,Running Bill,1037,1190,23,Scan &  Pay,,
969,2.879,"Wednesday, April 24, 2024",Staff_2,Metal,1407,Running Bill,666,741,23,Cash,,
970,2.88,"Wednesday, April 24, 2024",Staff_5,Silicon,2856,Advance Bill,1537,1320,43,Cash,,1500
971,2.881,"Wednesday, April 24, 2024",Staff_2,Wool,2401,Running Bill,1647,754,24,Scan &  Pay,,
972,2.882,"Wednesday, April 24, 2024",Staff_3,Wool,2464,Running Bill,1567,897,20,Scan &  Pay,,
973,2.883,"Wednesday, April 24, 2024",Staff_3,Embroidery,1288,Complete Bill,385,904,21,Cash,,
974,2.884,"Thursday, April 25, 2024",Staff_5,Embroidery,2275,Complete Bill,1196,1079,34,UPI Transfer,,
975,2.885,"Thursday, April 25, 2024",Staff_1,Silicon,1974,Complete Bill,850,1125,19,Cash,,
976,2.886,"Thursday, April 25, 2024",Staff_1,Wool,455,Complete Bill,-774,1229,22,UPI Transfer,,
977,2.887,"Thursday, April 25, 2024",Staff_5,Embroidery,2240,Running Bill,765,1476,37,Scan &  Pay,,
978,2.888,"Thursday, April 25, 2024",Staff_4,Silicon,2975,Running Bill,2267,709,16,UPI Transfer,,
979,2.889,"Thursday, April 25, 2024",Staff_3,Wool,1141,Complete Bill,257,884,22,Cash,,
980,2.89,"Thursday, April 25, 2024",Staff_3,Silicon,637,Complete Bill,-195,832,22,Cash,,
981,2.891,"Thursday, April 25, 2024",Staff_3,Embroidery,560,Complete Bill,-357,917,21,Cash,,
982,2.892,"Friday, April 26, 2024",Staff_5,Sequins,1379,Complete Bill,86,1294,35,Scan &  Pay,,
983,2.893,"Friday, April 26, 2024",Staff_1,Sequins,1666,Complete Bill,652,1014,18,Cash,,
984,2.894,"Friday, April 26, 2024",Staff_1,Metal,2408,Complete Bill,1355,1053,22,Cash,,
985,2.895,"Friday, April 26, 2024",Staff_3,Wool,1421,Complete Bill,719,702,19,Scan &  Pay,,
986,2.896,"Friday, April 26, 2024",Staff_4,Silicon,1414,Running Bill,660,754,17,Scan &  Pay,,
987,2.897,"Friday, April 26, 2024",Staff_4,Sequins,1169,Complete Bill,402,767,19,Scan &  Pay,,
988,2.898,"Friday, April 26, 2024",Staff_3,Silicon,3220,Running Bill,2297,923,24,Cash,,
989,2.899,"Saturday, April 27, 2024",Staff_1,Metal,2828,Complete Bill,1632,1196,22,Cash,,
990,2.9,"Saturday, April 27, 2024",Staff_2,Embroidery,2065,Running Bill,1318,748,24,Cash,,
991,2.901,"Saturday, April 27, 2024",Staff_3,Embroidery,2464,Running Bill,1678,787,15,UPI Transfer,,
992,2.902,"Saturday, April 27, 2024",Staff_1,Sequins,2667,Running Bill,1556,1112,21,Scan &  Pay,,
993,2.903,"Saturday, April 27, 2024",Staff_3,Sequins,3374,Running Bill,2484,891,24,Cash,,
994,2.904,"Saturday, April 27, 2024",Staff_3,Embroidery,3136,Complete Bill,2285,852,18,Scan &  Pay,,
995,2.905,"Sunday, April 28, 2024",Staff_2,Embroidery,2758,Running Bill,2076,683,15,Cash,,
996,2.906,"Sunday, April 28, 2024",Staff_5,Embroidery,2373,Running Bill,1164,1209,37,Scan &  Pay,,
997,2.907,"Sunday, April 28, 2024",Staff_5,Wool,938,Complete Bill,-349,1287,38,UPI Transfer,,
998,2.908,"Sunday, April 28, 2024",Staff_3,Embroidery,826,Running Bill,-71,897,15,UPI Transfer,,
999,2.909,"Sunday, April 28, 2024",Staff_3,Sequins,3472,Running Bill,2673,800,15,UPI Transfer,,
1000,2.91,"Sunday, April 28, 2024",Staff_4,Wool,1239,Complete Bill,498,741,21,Cash,,
